%% This BibTeX bibliography file was created using BibDesk.
%% http://bibdesk.sourceforge.net/

%% Created for Ludger Heide at 2015-03-10 09:47:46 +0100 


%% Saved with string encoding Unicode (UTF-8) 



@book{feldhusen2013pahl,
	Author = {Feldhusen, J. and Grote, K.H.},
	Date-Added = {2015-03-09 16:37:17 +0000},
	Date-Modified = {2015-03-09 16:46:58 +0000},
	Isbn = {9783642295690},
	Publisher = {Springer Berlin Heidelberg},
	Title = {Pahl/Beitz Konstruktionslehre: Methoden und Anwendung erfolgreicher Produktentwicklung},
	Year = {2013},
	Bdsk-File-1 = {YnBsaXN0MDDUAQIDBAUGJCVYJHZlcnNpb25YJG9iamVjdHNZJGFyY2hpdmVyVCR0b3ASAAGGoKgHCBMUFRYaIVUkbnVsbNMJCgsMDxJXTlMua2V5c1pOUy5vYmplY3RzViRjbGFzc6INDoACgAOiEBGABIAFgAdccmVsYXRpdmVQYXRoWWFsaWFzRGF0YV8Qzy4uLy4uLy4uLy4uL0NhbGlicmUtQmlibGlvdGhlay9HZXJoYXJkIFBhaGwvUGFobF9CZWl0eiBLb25zdHJ1a3Rpb25zbGVocmVfIEdydW5kbGFnZW4gZXJmb2xncmVpY2hlciBQcm9kdWt0ZW50d2lja2x1bmcuIE1ldGhvZGVuIHVuZCBBbndlbmQgKDEwOSkvUGFobF9CZWl0eiBLb25zdHJ1a3Rpb25zbGVocmVfIEdydW5kbGFnZW4gIC0gR2VyaGFyZCBQYWhsLnBkZtIXCxgZV05TLmRhdGFPEQLyAAAAAALyAAIAAA1NYWNpbnRvc2ggU1NEAAAAAAAAAAAAAAAAAADRGovcSCsAAAAGMZAfUGFobF9CZWl0eiBLb25zdHJ1a3RpIzYzMTkzLnBkZgAAAAAAAAAAAAAAAAAAAAAAAAAAAAAAAAAAAAAAAAAAAAYxk8+zZOUAAAAAAAAAAAAEAAQAAAkgAAAAAAAAAAAAAAAAAAAAH1BhaGxfQmVpdHogS29uc3RydWt0aW9uc2wjNjMxOTAAABAACAAA0Rp9zAAAABEACAAAz7NIxQAAAAEAFAAGMZAABjGKAAYxBQAGMJAAApPnAAIAf01hY2ludG9zaCBTU0Q6VXNlcnM6AGx1ZGdlcjoAQ2FsaWJyZS1CaWJsaW90aGVrOgBHZXJoYXJkIFBhaGw6AFBhaGxfQmVpdHogS29uc3RydWt0aW9uc2wjNjMxOTA6AFBhaGxfQmVpdHogS29uc3RydWt0aSM2MzE5My5wZGYAAA4AfAA9AFAAYQBoAGwAXwBCAGUAaQB0AHoAIABLAG8AbgBzAHQAcgB1AGsAdABpAG8AbgBzAGwAZQBoAHIAZQBfACAARwByAHUAbgBkAGwAYQBnAGUAbgAgACAALQAgAEcAZQByAGgAYQByAGQAIABQAGEAaABsAC4AcABkAGYADwAcAA0ATQBhAGMAaQBuAHQAbwBzAGgAIABTAFMARAASANBVc2Vycy9sdWRnZXIvQ2FsaWJyZS1CaWJsaW90aGVrL0dlcmhhcmQgUGFobC9QYWhsX0JlaXR6IEtvbnN0cnVrdGlvbnNsZWhyZV8gR3J1bmRsYWdlbiBlcmZvbGdyZWljaGVyIFByb2R1a3RlbnR3aWNrbHVuZy4gTWV0aG9kZW4gdW5kIEFud2VuZCAoMTA5KS9QYWhsX0JlaXR6IEtvbnN0cnVrdGlvbnNsZWhyZV8gR3J1bmRsYWdlbiAgLSBHZXJoYXJkIFBhaGwucGRmABMAAS8AABUAAgAN//8AAIAG0hscHR5aJGNsYXNzbmFtZVgkY2xhc3Nlc11OU011dGFibGVEYXRhox0fIFZOU0RhdGFYTlNPYmplY3TSGxwiI1xOU0RpY3Rpb25hcnmiIiBfEA9OU0tleWVkQXJjaGl2ZXLRJidUcm9vdIABAAgAEQAaACMALQAyADcAQABGAE0AVQBgAGcAagBsAG4AcQBzAHUAdwCEAI4BYAFlAW0EYwRlBGoEdQR+BIwEkASXBKAEpQSyBLUExwTKBM8AAAAAAAACAQAAAAAAAAAoAAAAAAAAAAAAAAAAAAAE0Q==}}

@url{bydChar,
	Author = {{BYD Company Limited}},
	Date-Added = {2015-03-06 15:03:09 +0000},
	Date-Modified = {2015-03-06 15:04:36 +0000},
	Lastchecked = {2015-03-06},
	Title = {Charger Specifications},
	Url = {http://www.byd.com/na/auto/charger.html},
	Urldate = {2015-03-06},
	Bdsk-File-1 = {YnBsaXN0MDDUAQIDBAUGJCVYJHZlcnNpb25YJG9iamVjdHNZJGFyY2hpdmVyVCR0b3ASAAGGoKgHCBMUFRYaIVUkbnVsbNMJCgsMDxJXTlMua2V5c1pOUy5vYmplY3RzViRjbGFzc6INDoACgAOiEBGABIAFgAdccmVsYXRpdmVQYXRoWWFsaWFzRGF0YV8QE0VpbnNvcnRpZXJ0L0JZRC5wZGbSFwsYGVdOUy5kYXRhTxEB1AAAAAAB1AACAAANTWFjaW50b3NoIFNTRAAAAAAAAAAAAAAAAAAA0RqL3EgrAAAAIw/yB0JZRC5wZGYAAAAAAAAAAAAAAAAAAAAAAAAAAAAAAAAAAAAAAAAAAAAAAAAAAAAAAAAAAAAAAAAAAAAAAAAAAAAkzt/RH4A5AAAAAAAAAAAAAQADAAAJIAAAAAAAAAAAAAAAAAAAAAtFaW5zb3J0aWVydAAAEAAIAADRGn3MAAAAEQAIAADRH3IpAAAAAQAcACMP8gAjDn4ABxLMAAYyPwAGMj4ABjCQAAKT5wACAF9NYWNpbnRvc2ggU1NEOlVzZXJzOgBsdWRnZXI6AERvY3VtZW50czoAIVN0dWRpdW06AEJhY2hlbG9yYXJiZWl0OgBRdWVsbGVuOgBFaW5zb3J0aWVydDoAQllELnBkZgAADgAQAAcAQgBZAEQALgBwAGQAZgAPABwADQBNAGEAYwBpAG4AdABvAHMAaAAgAFMAUwBEABIASlVzZXJzL2x1ZGdlci9Eb2N1bWVudHMvIVN0dWRpdW0vQmFjaGVsb3JhcmJlaXQvUXVlbGxlbi9FaW5zb3J0aWVydC9CWUQucGRmABMAAS8AABUAAgAN//8AAIAG0hscHR5aJGNsYXNzbmFtZVgkY2xhc3Nlc11OU011dGFibGVEYXRhox0fIFZOU0RhdGFYTlNPYmplY3TSGxwiI1xOU0RpY3Rpb25hcnmiIiBfEA9OU0tleWVkQXJjaGl2ZXLRJidUcm9vdIABAAgAEQAaACMALQAyADcAQABGAE0AVQBgAGcAagBsAG4AcQBzAHUAdwCEAI4ApACpALECiQKLApACmwKkArICtgK9AsYCywLYAtsC7QLwAvUAAAAAAAACAQAAAAAAAAAoAAAAAAAAAAAAAAAAAAAC9w==}}

@article{jongerden2009battery,
	Author = {Jongerden, Marijn R and Haverkort, Boudewijn R},
	Date-Added = {2015-03-06 10:37:27 +0000},
	Date-Modified = {2015-03-06 10:37:27 +0000},
	Journal = {Software, IET},
	Number = {6},
	Pages = {445--457},
	Publisher = {IET},
	Title = {Which battery model to use?},
	Volume = {3},
	Year = {2009},
	Bdsk-File-1 = {YnBsaXN0MDDUAQIDBAUGJCVYJHZlcnNpb25YJG9iamVjdHNZJGFyY2hpdmVyVCR0b3ASAAGGoKgHCBMUFRYaIVUkbnVsbNMJCgsMDxJXTlMua2V5c1pOUy5vYmplY3RzViRjbGFzc6INDoACgAOiEBGABIAFgAdccmVsYXRpdmVQYXRoWWFsaWFzRGF0YV8QGEVpbnNvcnRpZXJ0LzA1MzQ2NTUwLnBkZtIXCxgZV05TLmRhdGFPEQHoAAAAAAHoAAIAAA1NYWNpbnRvc2ggU1NEAAAAAAAAAAAAAAAAAADRGovcSCsAAAAjD/IMMDUzNDY1NTAucGRmAAAAAAAAAAAAAAAAAAAAAAAAAAAAAAAAAAAAAAAAAAAAAAAAAAAAAAAAAAAAAAAAAAAAACNjh9EfQb0AAAAAAAAAAAABAAMAAAkgAAAAAAAAAAAAAAAAAAAAC0VpbnNvcnRpZXJ0AAAQAAgAANEafcwAAAARAAgAANEfM60AAAABABwAIw/yACMOfgAHEswABjI/AAYyPgAGMJAAApPnAAIAZE1hY2ludG9zaCBTU0Q6VXNlcnM6AGx1ZGdlcjoARG9jdW1lbnRzOgAhU3R1ZGl1bToAQmFjaGVsb3JhcmJlaXQ6AFF1ZWxsZW46AEVpbnNvcnRpZXJ0OgAwNTM0NjU1MC5wZGYADgAaAAwAMAA1ADMANAA2ADUANQAwAC4AcABkAGYADwAcAA0ATQBhAGMAaQBuAHQAbwBzAGgAIABTAFMARAASAE9Vc2Vycy9sdWRnZXIvRG9jdW1lbnRzLyFTdHVkaXVtL0JhY2hlbG9yYXJiZWl0L1F1ZWxsZW4vRWluc29ydGllcnQvMDUzNDY1NTAucGRmAAATAAEvAAAVAAIADf//AACABtIbHB0eWiRjbGFzc25hbWVYJGNsYXNzZXNdTlNNdXRhYmxlRGF0YaMdHyBWTlNEYXRhWE5TT2JqZWN00hscIiNcTlNEaWN0aW9uYXJ5oiIgXxAPTlNLZXllZEFyY2hpdmVy0SYnVHJvb3SAAQAIABEAGgAjAC0AMgA3AEAARgBNAFUAYABnAGoAbABuAHEAcwB1AHcAhACOAKkArgC2AqICpAKpArQCvQLLAs8C1gLfAuQC8QL0AwYDCQMOAAAAAAAAAgEAAAAAAAAAKAAAAAAAAAAAAAAAAAAAAxA=}}

@url{schunkData3,
	Author = {{Schunk Bahn und Industrietechnik GmbH}},
	Date-Added = {2015-03-06 10:22:53 +0000},
	Date-Modified = {2015-03-06 10:43:34 +0000},
	Lastchecked = {2015-03-06},
	Title = {Schunk Smart Fast Charging -- ``Inverted System''},
	Url = {http://heliox.nl/wp-content/uploads/2014/12/20140916_Datenblatt_InvertedSystem_eng_1.1.pdf},
	Urldate = {2015-03-06},
	Bdsk-File-1 = {YnBsaXN0MDDUAQIDBAUGJCVYJHZlcnNpb25YJG9iamVjdHNZJGFyY2hpdmVyVCR0b3ASAAGGoKgHCBMUFRYaIVUkbnVsbNMJCgsMDxJXTlMua2V5c1pOUy5vYmplY3RzViRjbGFzc6INDoACgAOiEBGABIAFgAdccmVsYXRpdmVQYXRoWWFsaWFzRGF0YV8QOkVpbnNvcnRpZXJ0LzIwMTQwOTE2X0RhdGVuYmxhdHRfSW52ZXJ0ZWRTeXN0ZW1fZW5nXzEuMS5wZGbSFwsYGVdOUy5kYXRhTxECYgAAAAACYgACAAANTWFjaW50b3NoIFNTRAAAAAAAAAAAAAAAAAAA0RqL3EgrAAAAIw/yHzIwMTQwOTE2X0RhdGVuYmxhdHRfIzIzNUUxOS5wZGYAAAAAAAAAAAAAAAAAAAAAAAAAAAAAAAAAAAAAAAAAAAAjXhnRHz6EAAAAAAAAAAAAAQADAAAJIAAAAAAAAAAAAAAAAAAAAAtFaW5zb3J0aWVydAAAEAAIAADRGn3MAAAAEQAIAADRHzB0AAAAAQAcACMP8gAjDn4ABxLMAAYyPwAGMj4ABjCQAAKT5wACAHdNYWNpbnRvc2ggU1NEOlVzZXJzOgBsdWRnZXI6AERvY3VtZW50czoAIVN0dWRpdW06AEJhY2hlbG9yYXJiZWl0OgBRdWVsbGVuOgBFaW5zb3J0aWVydDoAMjAxNDA5MTZfRGF0ZW5ibGF0dF8jMjM1RTE5LnBkZgAADgBeAC4AMgAwADEANAAwADkAMQA2AF8ARABhAHQAZQBuAGIAbABhAHQAdABfAEkAbgB2AGUAcgB0AGUAZABTAHkAcwB0AGUAbQBfAGUAbgBnAF8AMQAuADEALgBwAGQAZgAPABwADQBNAGEAYwBpAG4AdABvAHMAaAAgAFMAUwBEABIAcVVzZXJzL2x1ZGdlci9Eb2N1bWVudHMvIVN0dWRpdW0vQmFjaGVsb3JhcmJlaXQvUXVlbGxlbi9FaW5zb3J0aWVydC8yMDE0MDkxNl9EYXRlbmJsYXR0X0ludmVydGVkU3lzdGVtX2VuZ18xLjEucGRmAAATAAEvAAAVAAIADf//AACABtIbHB0eWiRjbGFzc25hbWVYJGNsYXNzZXNdTlNNdXRhYmxlRGF0YaMdHyBWTlNEYXRhWE5TT2JqZWN00hscIiNcTlNEaWN0aW9uYXJ5oiIgXxAPTlNLZXllZEFyY2hpdmVy0SYnVHJvb3SAAQAIABEAGgAjAC0AMgA3AEAARgBNAFUAYABnAGoAbABuAHEAcwB1AHcAhACOAMsA0ADYAz4DQANFA1ADWQNnA2sDcgN7A4ADjQOQA6IDpQOqAAAAAAAAAgEAAAAAAAAAKAAAAAAAAAAAAAAAAAAAA6w=}}

@url{schunkData2,
	Author = {{Schunk Bahn und Industrietechnik GmbH}},
	Date-Added = {2015-03-06 10:21:40 +0000},
	Date-Modified = {2015-03-06 10:38:27 +0000},
	Lastchecked = {2015-03-06},
	Title = {Charging pantograph SLS101},
	Url = {http://www.schunk-sbi.com/sixcms/media.php/1973/SLS101-chargingPantograph.pdf},
	Urldate = {2015-03-06},
	Bdsk-File-1 = {YnBsaXN0MDDUAQIDBAUGJCVYJHZlcnNpb25YJG9iamVjdHNZJGFyY2hpdmVyVCR0b3ASAAGGoKgHCBMUFRYaIVUkbnVsbNMJCgsMDxJXTlMua2V5c1pOUy5vYmplY3RzViRjbGFzc6INDoACgAOiEBGABIAFgAdccmVsYXRpdmVQYXRoWWFsaWFzRGF0YV8QKUVpbnNvcnRpZXJ0L1NMUzEwMS1jaGFyZ2luZ1BhbnRvZ3JhcGgucGRm0hcLGBlXTlMuZGF0YU8RAiwAAAAAAiwAAgAADU1hY2ludG9zaCBTU0QAAAAAAAAAAAAAAAAAANEai9xIKwAAACMP8h1TTFMxMDEtY2hhcmdpbmdQYW50b2dyYXBoLnBkZgAAAAAAAAAAAAAAAAAAAAAAAAAAAAAAAAAAAAAAAAAAAAAAI14B0R8+MwAAAAAAAAAAAAEAAwAACSAAAAAAAAAAAAAAAAAAAAALRWluc29ydGllcnQAABAACAAA0Rp9zAAAABEACAAA0R8wIwAAAAEAHAAjD/IAIw5+AAcSzAAGMj8ABjI+AAYwkAACk+cAAgB1TWFjaW50b3NoIFNTRDpVc2VyczoAbHVkZ2VyOgBEb2N1bWVudHM6ACFTdHVkaXVtOgBCYWNoZWxvcmFyYmVpdDoAUXVlbGxlbjoARWluc29ydGllcnQ6AFNMUzEwMS1jaGFyZ2luZ1BhbnRvZ3JhcGgucGRmAAAOADwAHQBTAEwAUwAxADAAMQAtAGMAaABhAHIAZwBpAG4AZwBQAGEAbgB0AG8AZwByAGEAcABoAC4AcABkAGYADwAcAA0ATQBhAGMAaQBuAHQAbwBzAGgAIABTAFMARAASAGBVc2Vycy9sdWRnZXIvRG9jdW1lbnRzLyFTdHVkaXVtL0JhY2hlbG9yYXJiZWl0L1F1ZWxsZW4vRWluc29ydGllcnQvU0xTMTAxLWNoYXJnaW5nUGFudG9ncmFwaC5wZGYAEwABLwAAFQACAA3//wAAgAbSGxwdHlokY2xhc3NuYW1lWCRjbGFzc2VzXU5TTXV0YWJsZURhdGGjHR8gVk5TRGF0YVhOU09iamVjdNIbHCIjXE5TRGljdGlvbmFyeaIiIF8QD05TS2V5ZWRBcmNoaXZlctEmJ1Ryb290gAEACAARABoAIwAtADIANwBAAEYATQBVAGAAZwBqAGwAbgBxAHMAdQB3AIQAjgC6AL8AxwL3AvkC/gMJAxIDIAMkAysDNAM5A0YDSQNbA14DYwAAAAAAAAIBAAAAAAAAACgAAAAAAAAAAAAAAAAAAANl}}

@url{schunkData,
	Author = {{Schunk Bahn und Industrietechnik GmbH}},
	Date-Added = {2015-03-06 10:19:19 +0000},
	Date-Modified = {2015-03-06 10:38:37 +0000},
	Lastchecked = {2015-03-06},
	Title = {Charging pantograph SLS101},
	Url = {http://www.schunk-sbi.com/sixcms/media.php/1973/SLS101-datasheet.pdf},
	Urldate = {2015-03-06},
	Bdsk-File-1 = {YnBsaXN0MDDUAQIDBAUGJCVYJHZlcnNpb25YJG9iamVjdHNZJGFyY2hpdmVyVCR0b3ASAAGGoKgHCBMUFRYaIVUkbnVsbNMJCgsMDxJXTlMua2V5c1pOUy5vYmplY3RzViRjbGFzc6INDoACgAOiEBGABIAFgAdccmVsYXRpdmVQYXRoWWFsaWFzRGF0YV8QIEVpbnNvcnRpZXJ0L1NMUzEwMS1kYXRhc2hlZXQucGRm0hcLGBlXTlMuZGF0YU8RAggAAAAAAggAAgAADU1hY2ludG9zaCBTU0QAAAAAAAAAAAAAAAAAANEai9xIKwAAACMP8hRTTFMxMDEtZGF0YXNoZWV0LnBkZgAAAAAAAAAAAAAAAAAAAAAAAAAAAAAAAAAAAAAAAAAAAAAAAAAAAAAAAAAAI13h0R89tQAAAAAAAAAAAAEAAwAACSAAAAAAAAAAAAAAAAAAAAALRWluc29ydGllcnQAABAACAAA0Rp9zAAAABEACAAA0R8vpQAAAAEAHAAjD/IAIw5+AAcSzAAGMj8ABjI+AAYwkAACk+cAAgBsTWFjaW50b3NoIFNTRDpVc2VyczoAbHVkZ2VyOgBEb2N1bWVudHM6ACFTdHVkaXVtOgBCYWNoZWxvcmFyYmVpdDoAUXVlbGxlbjoARWluc29ydGllcnQ6AFNMUzEwMS1kYXRhc2hlZXQucGRmAA4AKgAUAFMATABTADEAMAAxAC0AZABhAHQAYQBzAGgAZQBlAHQALgBwAGQAZgAPABwADQBNAGEAYwBpAG4AdABvAHMAaAAgAFMAUwBEABIAV1VzZXJzL2x1ZGdlci9Eb2N1bWVudHMvIVN0dWRpdW0vQmFjaGVsb3JhcmJlaXQvUXVlbGxlbi9FaW5zb3J0aWVydC9TTFMxMDEtZGF0YXNoZWV0LnBkZgAAEwABLwAAFQACAA3//wAAgAbSGxwdHlokY2xhc3NuYW1lWCRjbGFzc2VzXU5TTXV0YWJsZURhdGGjHR8gVk5TRGF0YVhOU09iamVjdNIbHCIjXE5TRGljdGlvbmFyeaIiIF8QD05TS2V5ZWRBcmNoaXZlctEmJ1Ryb290gAEACAARABoAIwAtADIANwBAAEYATQBVAGAAZwBqAGwAbgBxAHMAdQB3AIQAjgCxALYAvgLKAswC0QLcAuUC8wL3Av4DBwMMAxkDHAMuAzEDNgAAAAAAAAIBAAAAAAAAACgAAAAAAAAAAAAAAAAAAAM4}}

@url{Weigel:2013,
	Author = {Wilfried Weigel},
	Date-Added = {2015-03-06 10:17:00 +0000},
	Date-Modified = {2015-03-06 10:18:35 +0000},
	Lastchecked = {2015-03-06},
	Note = {Vortrag auf: 2. Fachkonferenz Elektromobilit{\"a}t im {\"O}PNV},
	Title = {Schunk Smart Charging -- Dachladesystem f{\"u}r Elektrobusse},
	Url = {http://crm.saena.de/sites/default/files/civicrm/persist/contribute/files/08_Weigel_Schunk.pdf},
	Urldate = {2015-03-06},
	Year = {2013},
	Bdsk-File-1 = {YnBsaXN0MDDUAQIDBAUGJCVYJHZlcnNpb25YJG9iamVjdHNZJGFyY2hpdmVyVCR0b3ASAAGGoKgHCBMUFRYaIVUkbnVsbNMJCgsMDxJXTlMua2V5c1pOUy5vYmplY3RzViRjbGFzc6INDoACgAOiEBGABIAFgAdccmVsYXRpdmVQYXRoWWFsaWFzRGF0YV8QIEVpbnNvcnRpZXJ0LzA4X1dlaWdlbF9TY2h1bmsucGRm0hcLGBlXTlMuZGF0YU8RAggAAAAAAggAAgAADU1hY2ludG9zaCBTU0QAAAAAAAAAAAAAAAAAANEai9xIKwAAACMP8hQwOF9XZWlnZWxfU2NodW5rLnBkZgAAAAAAAAAAAAAAAAAAAAAAAAAAAAAAAAAAAAAAAAAAAAAAAAAAAAAAAAAAI12+0R89KAAAAAAAAAAAAAEAAwAACSAAAAAAAAAAAAAAAAAAAAALRWluc29ydGllcnQAABAACAAA0Rp9zAAAABEACAAA0R8vGAAAAAEAHAAjD/IAIw5+AAcSzAAGMj8ABjI+AAYwkAACk+cAAgBsTWFjaW50b3NoIFNTRDpVc2VyczoAbHVkZ2VyOgBEb2N1bWVudHM6ACFTdHVkaXVtOgBCYWNoZWxvcmFyYmVpdDoAUXVlbGxlbjoARWluc29ydGllcnQ6ADA4X1dlaWdlbF9TY2h1bmsucGRmAA4AKgAUADAAOABfAFcAZQBpAGcAZQBsAF8AUwBjAGgAdQBuAGsALgBwAGQAZgAPABwADQBNAGEAYwBpAG4AdABvAHMAaAAgAFMAUwBEABIAV1VzZXJzL2x1ZGdlci9Eb2N1bWVudHMvIVN0dWRpdW0vQmFjaGVsb3JhcmJlaXQvUXVlbGxlbi9FaW5zb3J0aWVydC8wOF9XZWlnZWxfU2NodW5rLnBkZgAAEwABLwAAFQACAA3//wAAgAbSGxwdHlokY2xhc3NuYW1lWCRjbGFzc2VzXU5TTXV0YWJsZURhdGGjHR8gVk5TRGF0YVhOU09iamVjdNIbHCIjXE5TRGljdGlvbmFyeaIiIF8QD05TS2V5ZWRBcmNoaXZlctEmJ1Ryb290gAEACAARABoAIwAtADIANwBAAEYATQBVAGAAZwBqAGwAbgBxAHMAdQB3AIQAjgCxALYAvgLKAswC0QLcAuUC8wL3Av4DBwMMAxkDHAMuAzEDNgAAAAAAAAIBAAAAAAAAACgAAAAAAAAAAAAAAAAAAAM4}}

@url{wavePrese,
	Author = {Hunter Wu},
	Date-Added = {2015-03-06 10:00:11 +0000},
	Date-Modified = {2015-03-06 10:33:22 +0000},
	Lastchecked = {2015-03-06},
	Note = {Vortrag auf: IEEE Energy Conversion Congress and Exposition, Denver, USA},
	Title = {A High Performance 50kW Inductive Charger for Electric Buses},
	Url = {http://www.ecce2013.org/documents/2013%20ECCE%20Special%20sessions/SS3/SS3.3_WPT_Wu.pdf},
	Urldate = {2015-03-06},
	Bdsk-File-1 = {YnBsaXN0MDDUAQIDBAUGJCVYJHZlcnNpb25YJG9iamVjdHNZJGFyY2hpdmVyVCR0b3ASAAGGoKgHCBMUFRYaIVUkbnVsbNMJCgsMDxJXTlMua2V5c1pOUy5vYmplY3RzViRjbGFzc6INDoACgAOiEBGABIAFgAdccmVsYXRpdmVQYXRoWWFsaWFzRGF0YV8QHEVpbnNvcnRpZXJ0L1NTMy4zX1dQVF9XdS5wZGbSFwsYGVdOUy5kYXRhTxEB+AAAAAAB+AACAAANTWFjaW50b3NoIFNTRAAAAAAAAAAAAAAAAAAA0RqL3EgrAAAAIw/yEFNTMy4zX1dQVF9XdS5wZGYAAAAAAAAAAAAAAAAAAAAAAAAAAAAAAAAAAAAAAAAAAAAAAAAAAAAAAAAAAAAAAAAjXBjRHzlyAAAAAAAAAAAAAQADAAAJIAAAAAAAAAAAAAAAAAAAAAtFaW5zb3J0aWVydAAAEAAIAADRGn3MAAAAEQAIAADRHytiAAAAAQAcACMP8gAjDn4ABxLMAAYyPwAGMj4ABjCQAAKT5wACAGhNYWNpbnRvc2ggU1NEOlVzZXJzOgBsdWRnZXI6AERvY3VtZW50czoAIVN0dWRpdW06AEJhY2hlbG9yYXJiZWl0OgBRdWVsbGVuOgBFaW5zb3J0aWVydDoAU1MzLjNfV1BUX1d1LnBkZgAOACIAEABTAFMAMwAuADMAXwBXAFAAVABfAFcAdQAuAHAAZABmAA8AHAANAE0AYQBjAGkAbgB0AG8AcwBoACAAUwBTAEQAEgBTVXNlcnMvbHVkZ2VyL0RvY3VtZW50cy8hU3R1ZGl1bS9CYWNoZWxvcmFyYmVpdC9RdWVsbGVuL0VpbnNvcnRpZXJ0L1NTMy4zX1dQVF9XdS5wZGYAABMAAS8AABUAAgAN//8AAIAG0hscHR5aJGNsYXNzbmFtZVgkY2xhc3Nlc11OU011dGFibGVEYXRhox0fIFZOU0RhdGFYTlNPYmplY3TSGxwiI1xOU0RpY3Rpb25hcnmiIiBfEA9OU0tleWVkQXJjaGl2ZXLRJidUcm9vdIABAAgAEQAaACMALQAyADcAQABGAE0AVQBgAGcAagBsAG4AcQBzAHUAdwCEAI4ArQCyALoCtgK4Ar0CyALRAt8C4wLqAvMC+AMFAwgDGgMdAyIAAAAAAAACAQAAAAAAAAAoAAAAAAAAAAAAAAAAAAADJA==}}

@url{volvoData,
	Author = {{Volvo Bus Corporation}},
	Date-Added = {2015-03-06 09:55:59 +0000},
	Date-Modified = {2015-03-06 10:49:15 +0000},
	Lastchecked = {2015-03-06},
	Title = {Volvo Opportunity Charging},
	Url = {http://www.volvobuses.com/bus/germany/de-de/Aktuelles%20und%20Veranstaltungen/Presseinfos/Documents/Daten_Volvo-Bus_Opportunity-Charging-System.pdf},
	Urldate = {2015-03-06},
	Bdsk-File-1 = {YnBsaXN0MDDUAQIDBAUGJCVYJHZlcnNpb25YJG9iamVjdHNZJGFyY2hpdmVyVCR0b3ASAAGGoKgHCBMUFRYaIVUkbnVsbNMJCgsMDxJXTlMua2V5c1pOUy5vYmplY3RzViRjbGFzc6INDoACgAOiEBGABIAFgAdccmVsYXRpdmVQYXRoWWFsaWFzRGF0YV8QO0VpbnNvcnRpZXJ0L0RhdGVuX1ZvbHZvLUJ1c19PcHBvcnR1bml0eS1DaGFyZ2luZy1TeXN0ZW0ucGRm0hcLGBlXTlMuZGF0YU8RAmQAAAAAAmQAAgAADU1hY2ludG9zaCBTU0QAAAAAAAAAAAAAAAAAANEai9xIKwAAACMP8h9EYXRlbl9Wb2x2by1CdXNfT3BwbyMyMzVCQjYucGRmAAAAAAAAAAAAAAAAAAAAAAAAAAAAAAAAAAAAAAAAAAAAI1u20R84hgAAAAAAAAAAAAEAAwAACSAAAAAAAAAAAAAAAAAAAAALRWluc29ydGllcnQAABAACAAA0Rp9zAAAABEACAAA0R8qdgAAAAEAHAAjD/IAIw5+AAcSzAAGMj8ABjI+AAYwkAACk+cAAgB3TWFjaW50b3NoIFNTRDpVc2VyczoAbHVkZ2VyOgBEb2N1bWVudHM6ACFTdHVkaXVtOgBCYWNoZWxvcmFyYmVpdDoAUXVlbGxlbjoARWluc29ydGllcnQ6AERhdGVuX1ZvbHZvLUJ1c19PcHBvIzIzNUJCNi5wZGYAAA4AYAAvAEQAYQB0AGUAbgBfAFYAbwBsAHYAbwAtAEIAdQBzAF8ATwBwAHAAbwByAHQAdQBuAGkAdAB5AC0AQwBoAGEAcgBnAGkAbgBnAC0AUwB5AHMAdABlAG0ALgBwAGQAZgAPABwADQBNAGEAYwBpAG4AdABvAHMAaAAgAFMAUwBEABIAclVzZXJzL2x1ZGdlci9Eb2N1bWVudHMvIVN0dWRpdW0vQmFjaGVsb3JhcmJlaXQvUXVlbGxlbi9FaW5zb3J0aWVydC9EYXRlbl9Wb2x2by1CdXNfT3Bwb3J0dW5pdHktQ2hhcmdpbmctU3lzdGVtLnBkZgATAAEvAAAVAAIADf//AACABtIbHB0eWiRjbGFzc25hbWVYJGNsYXNzZXNdTlNNdXRhYmxlRGF0YaMdHyBWTlNEYXRhWE5TT2JqZWN00hscIiNcTlNEaWN0aW9uYXJ5oiIgXxAPTlNLZXllZEFyY2hpdmVy0SYnVHJvb3SAAQAIABEAGgAjAC0AMgA3AEAARgBNAFUAYABnAGoAbABuAHEAcwB1AHcAhACOAMwA0QDZA0EDQwNIA1MDXANqA24DdQN+A4MDkAOTA6UDqAOtAAAAAAAAAgEAAAAAAAAAKAAAAAAAAAAAAAAAAAAAA68=}}

@article{goehlich2013systemtechnologien,
	Author = {Goehlich, D and Kunith, A and Graebener, S},
	Date-Added = {2015-03-06 09:55:27 +0000},
	Date-Modified = {2015-03-06 09:55:59 +0000},
	Journal = {Internationales Verkehrswesen},
	Number = {4},
	Title = {Systemtechnologien f{\"u}r elektrische Stadtbusse-die richtige Wahl},
	Volume = {65},
	Year = {2013},
	Bdsk-File-1 = {YnBsaXN0MDDUAQIDBAUGJCVYJHZlcnNpb25YJG9iamVjdHNZJGFyY2hpdmVyVCR0b3ASAAGGoKgHCBMUFRYaIVUkbnVsbNMJCgsMDxJXTlMua2V5c1pOUy5vYmplY3RzViRjbGFzc6INDoACgAOiEBGABIAFgAdccmVsYXRpdmVQYXRoWWFsaWFzRGF0YW8QPQBFAGkAbgBzAG8AcgB0AGkAZQByAHQALwBTAHkAcwB0AGUAbQB0AGUAYwBoAG4AbwBsAG8AZwBpAGUAbgAgAGYA/AByACAAZQBsAGUAawB0AHIAaQBzAGMAaABlACAAUwB0AGEAZAB0AGIAdQBzAHMAZQAuAHAAZABm0hcLGBlXTlMuZGF0YU8RAm4AAAAAAm4AAgAADU1hY2ludG9zaCBTU0QAAAAAAAAAAAAAAAAAANEai9xIKwAAACMP8h9TeXN0ZW10ZWNobm9sb2dpZW4gZiMyMEMwMTkucGRmAAAAAAAAAAAAAAAAAAAAAAAAAAAAAAAAAAAAAAAAAAAAIMAZ0R3iWAAAAAAAAAAAAAEAAwAACSAAAAAAAAAAAAAAAAAAAAALRWluc29ydGllcnQAABAACAAA0Rp9zAAAABEACAAA0R3USAAAAAEAHAAjD/IAIw5+AAcSzAAGMj8ABjI+AAYwkAACk+cAAgB3TWFjaW50b3NoIFNTRDpVc2VyczoAbHVkZ2VyOgBEb2N1bWVudHM6ACFTdHVkaXVtOgBCYWNoZWxvcmFyYmVpdDoAUXVlbGxlbjoARWluc29ydGllcnQ6AFN5c3RlbXRlY2hub2xvZ2llbiBmIzIwQzAxOS5wZGYAAA4AZgAyAFMAeQBzAHQAZQBtAHQAZQBjAGgAbgBvAGwAbwBnAGkAZQBuACAAZgB1AwgAcgAgAGUAbABlAGsAdAByAGkAcwBjAGgAZQAgAFMAdABhAGQAdABiAHUAcwBzAGUALgBwAGQAZgAPABwADQBNAGEAYwBpAG4AdABvAHMAaAAgAFMAUwBEABIAdVVzZXJzL2x1ZGdlci9Eb2N1bWVudHMvIVN0dWRpdW0vQmFjaGVsb3JhcmJlaXQvUXVlbGxlbi9FaW5zb3J0aWVydC9TeXN0ZW10ZWNobm9sb2dpZW4gZsO8ciBlbGVrdHJpc2NoZSBTdGFkdGJ1c3NlLnBkZgAAEwABLwAAFQACAA3//wAAgAbSGxwdHlokY2xhc3NuYW1lWCRjbGFzc2VzXU5TTXV0YWJsZURhdGGjHR8gVk5TRGF0YVhOU09iamVjdNIbHCIjXE5TRGljdGlvbmFyeaIiIF8QD05TS2V5ZWRBcmNoaXZlctEmJ1Ryb290gAEACAARABoAIwAtADIANwBAAEYATQBVAGAAZwBqAGwAbgBxAHMAdQB3AIQAjgELARABGAOKA4wDkQOcA6UDswO3A74DxwPMA9kD3APuA/ED9gAAAAAAAAIBAAAAAAAAACgAAAAAAAAAAAAAAAAAAAP4}}

@article{van2006subat,
	Author = {Van den Bossche, Peter and Vergels, Fr{\'e}d{\'e}ric and Van Mierlo, Joeri and Matheys, Julien and Van Autenboer, Wout},
	Date-Added = {2015-03-06 09:54:25 +0000},
	Date-Modified = {2015-03-06 09:54:25 +0000},
	Journal = {Journal of power sources},
	Number = {2},
	Pages = {913--919},
	Publisher = {Elsevier},
	Title = {SUBAT: An assessment of sustainable battery technology},
	Volume = {162},
	Year = {2006},
	Bdsk-File-1 = {YnBsaXN0MDDUAQIDBAUGJCVYJHZlcnNpb25YJG9iamVjdHNZJGFyY2hpdmVyVCR0b3ASAAGGoKgHCBMUFRYaIVUkbnVsbNMJCgsMDxJXTlMua2V5c1pOUy5vYmplY3RzViRjbGFzc6INDoACgAOiEBGABIAFgAdccmVsYXRpdmVQYXRoWWFsaWFzRGF0YV8QRUVpbnNvcnRpZXJ0L1NVQkFUIEFuIGFzc2Vzc21lbnQgb2Ygc3VzdGFpbmFibGUgYmF0dGVyeSB0ZWNobm9sb2d5LnBkZtIXCxgZV05TLmRhdGFPEQKCAAAAAAKCAAIAAA1NYWNpbnRvc2ggU1NEAAAAAAAAAAAAAAAAAADRGovcSCsAAAAjD/IfU1VCQVQgQW4gYXNzZXNzbWVudCAjMjBDMDE0LnBkZgAAAAAAAAAAAAAAAAAAAAAAAAAAAAAAAAAAAAAAAAAAACDAFNEd4lgAAAAAAAAAAAABAAMAAAkgAAAAAAAAAAAAAAAAAAAAC0VpbnNvcnRpZXJ0AAAQAAgAANEafcwAAAARAAgAANEd1EgAAAABABwAIw/yACMOfgAHEswABjI/AAYyPgAGMJAAApPnAAIAd01hY2ludG9zaCBTU0Q6VXNlcnM6AGx1ZGdlcjoARG9jdW1lbnRzOgAhU3R1ZGl1bToAQmFjaGVsb3JhcmJlaXQ6AFF1ZWxsZW46AEVpbnNvcnRpZXJ0OgBTVUJBVCBBbiBhc3Nlc3NtZW50ICMyMEMwMTQucGRmAAAOAHQAOQBTAFUAQgBBAFQAIABBAG4AIABhAHMAcwBlAHMAcwBtAGUAbgB0ACAAbwBmACAAcwB1AHMAdABhAGkAbgBhAGIAbABlACAAYgBhAHQAdABlAHIAeQAgAHQAZQBjAGgAbgBvAGwAbwBnAHkALgBwAGQAZgAPABwADQBNAGEAYwBpAG4AdABvAHMAaAAgAFMAUwBEABIAfFVzZXJzL2x1ZGdlci9Eb2N1bWVudHMvIVN0dWRpdW0vQmFjaGVsb3JhcmJlaXQvUXVlbGxlbi9FaW5zb3J0aWVydC9TVUJBVCBBbiBhc3Nlc3NtZW50IG9mIHN1c3RhaW5hYmxlIGJhdHRlcnkgdGVjaG5vbG9neS5wZGYAEwABLwAAFQACAA3//wAAgAbSGxwdHlokY2xhc3NuYW1lWCRjbGFzc2VzXU5TTXV0YWJsZURhdGGjHR8gVk5TRGF0YVhOU09iamVjdNIbHCIjXE5TRGljdGlvbmFyeaIiIF8QD05TS2V5ZWRBcmNoaXZlctEmJ1Ryb290gAEACAARABoAIwAtADIANwBAAEYATQBVAGAAZwBqAGwAbgBxAHMAdQB3AIQAjgDWANsA4wNpA2sDcAN7A4QDkgOWA50DpgOrA7gDuwPNA9AD1QAAAAAAAAIBAAAAAAAAACgAAAAAAAAAAAAAAAAAAAPX}}

@inproceedings{lemon1999electric,
	Author = {Lemon, Dale and Griffith, Paul and Coffman, Zail and Gleason, Gary},
	Booktitle = {Battery Conference on Applications and Advances, 1999. The Fourteenth Annual},
	Date-Added = {2015-03-06 09:53:15 +0000},
	Date-Modified = {2015-03-06 09:53:15 +0000},
	Organization = {IEEE},
	Pages = {197--198},
	Title = {Electric-bus fast charging at the Santa Barbara MTD},
	Year = {1999},
	Bdsk-File-1 = {YnBsaXN0MDDUAQIDBAUGJCVYJHZlcnNpb25YJG9iamVjdHNZJGFyY2hpdmVyVCR0b3ASAAGGoKgHCBMUFRYaIVUkbnVsbNMJCgsMDxJXTlMua2V5c1pOUy5vYmplY3RzViRjbGFzc6INDoACgAOiEBGABIAFgAdccmVsYXRpdmVQYXRoWWFsaWFzRGF0YV8QHUVpbnNvcnRpZXJ0L1NhbnRhIEJhcmJhcmEucGRm0hcLGBlXTlMuZGF0YU8RAfwAAAAAAfwAAgAADU1hY2ludG9zaCBTU0QAAAAAAAAAAAAAAAAAANEai9xIKwAAACMP8hFTYW50YSBCYXJiYXJhLnBkZgAAAAAAAAAAAAAAAAAAAAAAAAAAAAAAAAAAAAAAAAAAAAAAAAAAAAAAAAAAAAAAIMAR0R3iWAAAAAAAAAAAAAEAAwAACSAAAAAAAAAAAAAAAAAAAAALRWluc29ydGllcnQAABAACAAA0Rp9zAAAABEACAAA0R3USAAAAAEAHAAjD/IAIw5+AAcSzAAGMj8ABjI+AAYwkAACk+cAAgBpTWFjaW50b3NoIFNTRDpVc2VyczoAbHVkZ2VyOgBEb2N1bWVudHM6ACFTdHVkaXVtOgBCYWNoZWxvcmFyYmVpdDoAUXVlbGxlbjoARWluc29ydGllcnQ6AFNhbnRhIEJhcmJhcmEucGRmAAAOACQAEQBTAGEAbgB0AGEAIABCAGEAcgBiAGEAcgBhAC4AcABkAGYADwAcAA0ATQBhAGMAaQBuAHQAbwBzAGgAIABTAFMARAASAFRVc2Vycy9sdWRnZXIvRG9jdW1lbnRzLyFTdHVkaXVtL0JhY2hlbG9yYXJiZWl0L1F1ZWxsZW4vRWluc29ydGllcnQvU2FudGEgQmFyYmFyYS5wZGYAEwABLwAAFQACAA3//wAAgAbSGxwdHlokY2xhc3NuYW1lWCRjbGFzc2VzXU5TTXV0YWJsZURhdGGjHR8gVk5TRGF0YVhOU09iamVjdNIbHCIjXE5TRGljdGlvbmFyeaIiIF8QD05TS2V5ZWRBcmNoaXZlctEmJ1Ryb290gAEACAARABoAIwAtADIANwBAAEYATQBVAGAAZwBqAGwAbgBxAHMAdQB3AIQAjgCuALMAuwK7Ar0CwgLNAtYC5ALoAu8C+AL9AwoDDQMfAyIDJwAAAAAAAAIBAAAAAAAAACgAAAAAAAAAAAAAAAAAAAMp}}

@url{protCat,
	Author = {{Proterra, Inc.}},
	Date-Added = {2015-03-06 09:51:04 +0000},
	Date-Modified = {2015-03-06 10:50:49 +0000},
	Lastchecked = {2015-03-06},
	Title = {The Catalyst Platform},
	Url = {http://www.proterra.com/wp-content/uploads/2015/02/Tearsheets_CatalystPlatform.pdf},
	Urldate = {2015-03-06},
	Bdsk-File-1 = {YnBsaXN0MDDUAQIDBAUGJCVYJHZlcnNpb25YJG9iamVjdHNZJGFyY2hpdmVyVCR0b3ASAAGGoKgHCBMUFRYaIVUkbnVsbNMJCgsMDxJXTlMua2V5c1pOUy5vYmplY3RzViRjbGFzc6INDoACgAOiEBGABIAFgAdccmVsYXRpdmVQYXRoWWFsaWFzRGF0YV8QK0VpbnNvcnRpZXJ0L1RlYXJzaGVldHNfQ2F0YWx5c3RQbGF0Zm9ybS5wZGbSFwsYGVdOUy5kYXRhTxECNAAAAAACNAACAAANTWFjaW50b3NoIFNTRAAAAAAAAAAAAAAAAAAA0RqL3EgrAAAAIw/yH1RlYXJzaGVldHNfQ2F0YWx5c3RQbGF0Zm9ybS5wZGYAAAAAAAAAAAAAAAAAAAAAAAAAAAAAAAAAAAAAAAAAAAAjWyHRHzcQAAAAAAAAAAAAAQADAAAJIAAAAAAAAAAAAAAAAAAAAAtFaW5zb3J0aWVydAAAEAAIAADRGn3MAAAAEQAIAADRHykAAAAAAQAcACMP8gAjDn4ABxLMAAYyPwAGMj4ABjCQAAKT5wACAHdNYWNpbnRvc2ggU1NEOlVzZXJzOgBsdWRnZXI6AERvY3VtZW50czoAIVN0dWRpdW06AEJhY2hlbG9yYXJiZWl0OgBRdWVsbGVuOgBFaW5zb3J0aWVydDoAVGVhcnNoZWV0c19DYXRhbHlzdFBsYXRmb3JtLnBkZgAADgBAAB8AVABlAGEAcgBzAGgAZQBlAHQAcwBfAEMAYQB0AGEAbAB5AHMAdABQAGwAYQB0AGYAbwByAG0ALgBwAGQAZgAPABwADQBNAGEAYwBpAG4AdABvAHMAaAAgAFMAUwBEABIAYlVzZXJzL2x1ZGdlci9Eb2N1bWVudHMvIVN0dWRpdW0vQmFjaGVsb3JhcmJlaXQvUXVlbGxlbi9FaW5zb3J0aWVydC9UZWFyc2hlZXRzX0NhdGFseXN0UGxhdGZvcm0ucGRmABMAAS8AABUAAgAN//8AAIAG0hscHR5aJGNsYXNzbmFtZVgkY2xhc3Nlc11OU011dGFibGVEYXRhox0fIFZOU0RhdGFYTlNPYmplY3TSGxwiI1xOU0RpY3Rpb25hcnmiIiBfEA9OU0tleWVkQXJjaGl2ZXLRJidUcm9vdIABAAgAEQAaACMALQAyADcAQABGAE0AVQBgAGcAagBsAG4AcQBzAHUAdwCEAI4AvADBAMkDAQMDAwgDEwMcAyoDLgM1Az4DQwNQA1MDZQNoA20AAAAAAAACAQAAAAAAAAAoAAAAAAAAAAAAAAAAAAADbw==}}

@inproceedings{hui2012electric,
	Author = {Hui, Qi and Xin, Wang},
	Booktitle = {Consumer Electronics, Communications and Networks (CECNet), 2012 2nd International Conference on},
	Date-Added = {2015-03-06 09:36:39 +0000},
	Date-Modified = {2015-03-06 09:36:39 +0000},
	Organization = {IEEE},
	Pages = {307--310},
	Title = {Electric bus battery-swapping system based on robots},
	Year = {2012},
	Bdsk-File-1 = {YnBsaXN0MDDUAQIDBAUGJCVYJHZlcnNpb25YJG9iamVjdHNZJGFyY2hpdmVyVCR0b3ASAAGGoKgHCBMUFRYaIVUkbnVsbNMJCgsMDxJXTlMua2V5c1pOUy5vYmplY3RzViRjbGFzc6INDoACgAOiEBGABIAFgAdccmVsYXRpdmVQYXRoWWFsaWFzRGF0YV8QQUVpbnNvcnRpZXJ0L0VsZWN0cmljIEJ1cyBCYXR0ZXJ5IFN3YXBwaW5nIFN5c3RlbSAtIGNoaW5lc2lzY2gucGRm0hcLGBlXTlMuZGF0YU8RAnYAAAAAAnYAAgAADU1hY2ludG9zaCBTU0QAAAAAAAAAAAAAAAAAANEai9xIKwAAACMP8h9FbGVjdHJpYyBCdXMgQmF0dGVyeSMyMEMwMzEucGRmAAAAAAAAAAAAAAAAAAAAAAAAAAAAAAAAAAAAAAAAAAAAIMAx0R3iVgAAAAAAAAAAAAEAAwAACSAAAAAAAAAAAAAAAAAAAAALRWluc29ydGllcnQAABAACAAA0Rp9zAAAABEACAAA0R3URgAAAAEAHAAjD/IAIw5+AAcSzAAGMj8ABjI+AAYwkAACk+cAAgB3TWFjaW50b3NoIFNTRDpVc2VyczoAbHVkZ2VyOgBEb2N1bWVudHM6ACFTdHVkaXVtOgBCYWNoZWxvcmFyYmVpdDoAUXVlbGxlbjoARWluc29ydGllcnQ6AEVsZWN0cmljIEJ1cyBCYXR0ZXJ5IzIwQzAzMS5wZGYAAA4AbAA1AEUAbABlAGMAdAByAGkAYwAgAEIAdQBzACAAQgBhAHQAdABlAHIAeQAgAFMAdwBhAHAAcABpAG4AZwAgAFMAeQBzAHQAZQBtACAALQAgAGMAaABpAG4AZQBzAGkAcwBjAGgALgBwAGQAZgAPABwADQBNAGEAYwBpAG4AdABvAHMAaAAgAFMAUwBEABIAeFVzZXJzL2x1ZGdlci9Eb2N1bWVudHMvIVN0dWRpdW0vQmFjaGVsb3JhcmJlaXQvUXVlbGxlbi9FaW5zb3J0aWVydC9FbGVjdHJpYyBCdXMgQmF0dGVyeSBTd2FwcGluZyBTeXN0ZW0gLSBjaGluZXNpc2NoLnBkZgATAAEvAAAVAAIADf//AACABtIbHB0eWiRjbGFzc25hbWVYJGNsYXNzZXNdTlNNdXRhYmxlRGF0YaMdHyBWTlNEYXRhWE5TT2JqZWN00hscIiNcTlNEaWN0aW9uYXJ5oiIgXxAPTlNLZXllZEFyY2hpdmVy0SYnVHJvb3SAAQAIABEAGgAjAC0AMgA3AEAARgBNAFUAYABnAGoAbABuAHEAcwB1AHcAhACOANIA1wDfA1kDWwNgA2sDdAOCA4YDjQOWA5sDqAOrA70DwAPFAAAAAAAAAgEAAAAAAAAAKAAAAAAAAAAAAAAAAAAAA8c=}}

@proceedings{vdeSymp,
	Annote = {Seite 43},
	Date-Added = {2015-03-06 09:31:04 +0000},
	Date-Modified = {2015-03-06 09:47:07 +0000},
	Publisher = {VDE},
	Title = {VDE-Kompendium ``Elektromobilit{\"a}t''},
	Url = {http://www.vde.com/de/E-Mobility/Innovationsunterstützung/PruefungundZertifizierung/Documents/VDE_Kompendium_Elektromobilitat.pdf},
	Year = {2012},
	Bdsk-File-1 = {YnBsaXN0MDDUAQIDBAUGJCVYJHZlcnNpb25YJG9iamVjdHNZJGFyY2hpdmVyVCR0b3ASAAGGoKgHCBMUFRYaIVUkbnVsbNMJCgsMDxJXTlMua2V5c1pOUy5vYmplY3RzViRjbGFzc6INDoACgAOiEBGABIAFgAdccmVsYXRpdmVQYXRoWWFsaWFzRGF0YV8QNkVpbnNvcnRpZXJ0L0VNVi1Bc3Bla3RlIEtvbmR1a3RpdmVzIExhZGVuIFNlaXRlIDQzLnBkZtIXCxgZV05TLmRhdGFPEQJWAAAAAAJWAAIAAA1NYWNpbnRvc2ggU1NEAAAAAAAAAAAAAAAAAADRGovcSCsAAAAjD/IfRU1WLUFzcGVrdGUgS29uZHVrdGkjMjBDMDRCLnBkZgAAAAAAAAAAAAAAAAAAAAAAAAAAAAAAAAAAAAAAAAAAACDAS9Ec3BwAAAAAAAAAAAABAAMAAAkgAAAAAAAAAAAAAAAAAAAAC0VpbnNvcnRpZXJ0AAAQAAgAANEafcwAAAARAAgAANEczgwAAAABABwAIw/yACMOfgAHEswABjI/AAYyPgAGMJAAApPnAAIAd01hY2ludG9zaCBTU0Q6VXNlcnM6AGx1ZGdlcjoARG9jdW1lbnRzOgAhU3R1ZGl1bToAQmFjaGVsb3JhcmJlaXQ6AFF1ZWxsZW46AEVpbnNvcnRpZXJ0OgBFTVYtQXNwZWt0ZSBLb25kdWt0aSMyMEMwNEIucGRmAAAOAFYAKgBFAE0AVgAtAEEAcwBwAGUAawB0AGUAIABLAG8AbgBkAHUAawB0AGkAdgBlAHMAIABMAGEAZABlAG4AIABTAGUAaQB0AGUAIAA0ADMALgBwAGQAZgAPABwADQBNAGEAYwBpAG4AdABvAHMAaAAgAFMAUwBEABIAbVVzZXJzL2x1ZGdlci9Eb2N1bWVudHMvIVN0dWRpdW0vQmFjaGVsb3JhcmJlaXQvUXVlbGxlbi9FaW5zb3J0aWVydC9FTVYtQXNwZWt0ZSBLb25kdWt0aXZlcyBMYWRlbiBTZWl0ZSA0My5wZGYAABMAAS8AABUAAgAN//8AAIAG0hscHR5aJGNsYXNzbmFtZVgkY2xhc3Nlc11OU011dGFibGVEYXRhox0fIFZOU0RhdGFYTlNPYmplY3TSGxwiI1xOU0RpY3Rpb25hcnmiIiBfEA9OU0tleWVkQXJjaGl2ZXLRJidUcm9vdIABAAgAEQAaACMALQAyADcAQABGAE0AVQBgAGcAagBsAG4AcQBzAHUAdwCEAI4AxwDMANQDLgMwAzUDQANJA1cDWwNiA2sDcAN9A4ADkgOVA5oAAAAAAAACAQAAAAAAAAAoAAAAAAAAAAAAAAAAAAADnA==}}

@incollection{ComSafEffBuch,
	Author = {K{\"o}rner, Andr{\'e} and Turki, Faical},
	Booktitle = {Advanced Microsystems for Automotive Applications 2014},
	Date-Added = {2015-03-05 15:19:28 +0000},
	Date-Modified = {2015-03-05 15:19:55 +0000},
	Doi = {10.1007/978-3-319-08087-1_20},
	Editor = {Fischer-Wolfarth, Jan and Meyer, Gereon},
	Isbn = {978-3-319-08086-4},
	Language = {English},
	Pages = {213-234},
	Publisher = {Springer International Publishing},
	Series = {Lecture Notes in Mobility},
	Title = {Compact, Safe and Efficient Wireless and Inductive Charging for Plug-In Hybrids and Electric Vehicles},
	Url = {http://dx.doi.org/10.1007/978-3-319-08087-1_20},
	Year = {2014},
	Bdsk-Url-1 = {http://dx.doi.org/10.1007/978-3-319-08087-1_20}}

@url{ComSafeEff,
	Author = {Andr{\'e} K{\"o}rner, Faical Turki},
	Date-Added = {2015-03-05 15:10:51 +0000},
	Date-Modified = {2015-03-05 15:16:51 +0000},
	Lastchecked = {2015-03-05},
	Note = {Vortrag auf: ``Smart Systems for Safe, Clean and Automated Vehicles'', Kaiserin-Friedrich-Haus, Berlin},
	Title = {Compact, Safe and Efficient Wireless and Inductive Charging for Plug-In Hybrids and Electric Vehicles},
	Url = {http://www.amaa.de/previous-conferences/amaa-2014/presentations-2014/PresentationTurkiVahle.pdf},
	Urldate = {2015-03-05},
	Bdsk-File-1 = {YnBsaXN0MDDUAQIDBAUGJCVYJHZlcnNpb25YJG9iamVjdHNZJGFyY2hpdmVyVCR0b3ASAAGGoKgHCBMUFRYaIVUkbnVsbNMJCgsMDxJXTlMua2V5c1pOUy5vYmplY3RzViRjbGFzc6INDoACgAOiEBGABIAFgAdccmVsYXRpdmVQYXRoWWFsaWFzRGF0YW8QOABFAGkAbgBzAG8AcgB0AGkAZQByAHQALwBQAHIA5ABzAGUAbgB0AGEAdABpAG8AbgAgAEkAZAB1AGsAdABpAHYAZQBzACAATABhAGQAZQBuACAARQBNAFYALQBBAHMAcABlAGsAdABlAC4AcABkAGbSFwsYGVdOUy5kYXRhTxECXgAAAAACXgACAAANTWFjaW50b3NoIFNTRAAAAAAAAAAAAAAAAAAA0RqL3EgrAAAAIw/yH1ByinNlbnRhdGlvbiBJZHVrdGl2IzIwQzA1NC5wZGYAAAAAAAAAAAAAAAAAAAAAAAAAAAAAAAAAAAAAAAAAAAAgwFTRHNLgAAAAAAAAAAAAAQADAAAJIAAAAAAAAAAAAAAAAAAAAAtFaW5zb3J0aWVydAAAEAAIAADRGn3MAAAAEQAIAADRHMTQAAAAAQAcACMP8gAjDn4ABxLMAAYyPwAGMj4ABjCQAAKT5wACAHdNYWNpbnRvc2ggU1NEOlVzZXJzOgBsdWRnZXI6AERvY3VtZW50czoAIVN0dWRpdW06AEJhY2hlbG9yYXJiZWl0OgBRdWVsbGVuOgBFaW5zb3J0aWVydDoAUHKKc2VudGF0aW9uIElkdWt0aXYjMjBDMDU0LnBkZgAADgBcAC0AUAByAGEDCABzAGUAbgB0AGEAdABpAG8AbgAgAEkAZAB1AGsAdABpAHYAZQBzACAATABhAGQAZQBuACAARQBNAFYALQBBAHMAcABlAGsAdABlAC4AcABkAGYADwAcAA0ATQBhAGMAaQBuAHQAbwBzAGgAIABTAFMARAASAHBVc2Vycy9sdWRnZXIvRG9jdW1lbnRzLyFTdHVkaXVtL0JhY2hlbG9yYXJiZWl0L1F1ZWxsZW4vRWluc29ydGllcnQvUHLDpHNlbnRhdGlvbiBJZHVrdGl2ZXMgTGFkZW4gRU1WLUFzcGVrdGUucGRmABMAAS8AABUAAgAN//8AAIAG0hscHR5aJGNsYXNzbmFtZVgkY2xhc3Nlc11OU011dGFibGVEYXRhox0fIFZOU0RhdGFYTlNPYmplY3TSGxwiI1xOU0RpY3Rpb25hcnmiIiBfEA9OU0tleWVkQXJjaGl2ZXLRJidUcm9vdIABAAgAEQAaACMALQAyADcAQABGAE0AVQBgAGcAagBsAG4AcQBzAHUAdwCEAI4BAQEGAQ4DcANyA3cDggOLA5kDnQOkA60DsgO/A8ID1APXA9wAAAAAAAACAQAAAAAAAAAoAAAAAAAAAAAAAAAAAAAD3g==}}

@url{InduktLade,
	Annote = {Folie 28},
	Author = {J{\"u}rgen Meins},
	Date-Added = {2015-03-05 15:04:48 +0000},
	Date-Modified = {2015-03-05 15:08:59 +0000},
	Lastchecked = {2015-03-05},
	Note = {Vortragsreihe ``Mobilit{\"a}t mit Zukunft'', MobileLifeCampus, Wolfsburg},
	Title = {Induktive Energie{\"u}bertragung},
	Url = {http://autouni.de/content/master/de/home/Veranstaltungen/institute/institut-fuer-kraftfahrzeugtechnik/veranstaltungen-kraftfahrzeugtechnik-archiv2012/Mobilitaet_mit_Zukunft/jcr%3Acontent/container/eventdownload_9/file.res/autouni_download_mobilität_mit_zukunft_13-06-12.pdf},
	Urldate = {2015-03-05},
	Bdsk-File-1 = {YnBsaXN0MDDUAQIDBAUGJCVYJHZlcnNpb25YJG9iamVjdHNZJGFyY2hpdmVyVCR0b3ASAAGGoKgHCBMUFRYaIVUkbnVsbNMJCgsMDxJXTlMua2V5c1pOUy5vYmplY3RzViRjbGFzc6INDoACgAOiEBGABIAFgAdccmVsYXRpdmVQYXRoWWFsaWFzRGF0YW8QNwBFAGkAbgBzAG8AcgB0AGkAZQByAHQALwBQAHIA5ABzAGUAbgB0AGEAdABpAG8AbgAgAGkAZAB1AGsAdABpAHYAZQBzACAATABhAGQAZQBuACAAKABGAG8AbABpAGUAIAAyADgAKQAuAHAAZABm0hcLGBlXTlMuZGF0YU8RAlwAAAAAAlwAAgAADU1hY2ludG9zaCBTU0QAAAAAAAAAAAAAAAAAANEai9xIKwAAACMP8h9QcopzZW50YXRpb24gaWR1a3RpdiMyMEMwNTMucGRmAAAAAAAAAAAAAAAAAAAAAAAAAAAAAAAAAAAAAAAAAAAAIMBT0RzVlgAAAAAAAAAAAAEAAwAACSAAAAAAAAAAAAAAAAAAAAALRWluc29ydGllcnQAABAACAAA0Rp9zAAAABEACAAA0RzHhgAAAAEAHAAjD/IAIw5+AAcSzAAGMj8ABjI+AAYwkAACk+cAAgB3TWFjaW50b3NoIFNTRDpVc2VyczoAbHVkZ2VyOgBEb2N1bWVudHM6ACFTdHVkaXVtOgBCYWNoZWxvcmFyYmVpdDoAUXVlbGxlbjoARWluc29ydGllcnQ6AFByinNlbnRhdGlvbiBpZHVrdGl2IzIwQzA1My5wZGYAAA4AWgAsAFAAcgBhAwgAcwBlAG4AdABhAHQAaQBvAG4AIABpAGQAdQBrAHQAaQB2AGUAcwAgAEwAYQBkAGUAbgAgACgARgBvAGwAaQBlACAAMgA4ACkALgBwAGQAZgAPABwADQBNAGEAYwBpAG4AdABvAHMAaAAgAFMAUwBEABIAb1VzZXJzL2x1ZGdlci9Eb2N1bWVudHMvIVN0dWRpdW0vQmFjaGVsb3JhcmJlaXQvUXVlbGxlbi9FaW5zb3J0aWVydC9QcsOkc2VudGF0aW9uIGlkdWt0aXZlcyBMYWRlbiAoRm9saWUgMjgpLnBkZgAAEwABLwAAFQACAA3//wAAgAbSGxwdHlokY2xhc3NuYW1lWCRjbGFzc2VzXU5TTXV0YWJsZURhdGGjHR8gVk5TRGF0YVhOU09iamVjdNIbHCIjXE5TRGljdGlvbmFyeaIiIF8QD05TS2V5ZWRBcmNoaXZlctEmJ1Ryb290gAEACAARABoAIwAtADIANwBAAEYATQBVAGAAZwBqAGwAbgBxAHMAdQB3AIQAjgD/AQQBDANsA24DcwN+A4cDlQOZA6ADqQOuA7sDvgPQA9MD2AAAAAAAAAIBAAAAAAAAACgAAAAAAAAAAAAAAAAAAAPa}}

@inproceedings{huang2009practical,
	Author = {Huang, Chang-Yu and Boys, John T and Covic, Grant A and Budhia, Mickel},
	Booktitle = {Vehicle Power and Propulsion Conference, 2009. VPPC'09. IEEE},
	Date-Added = {2015-03-05 15:04:25 +0000},
	Date-Modified = {2015-03-05 15:04:25 +0000},
	Organization = {IEEE},
	Pages = {402--407},
	Title = {Practical considerations for designing IPT system for EV battery charging},
	Year = {2009},
	Bdsk-File-1 = {YnBsaXN0MDDUAQIDBAUGJCVYJHZlcnNpb25YJG9iamVjdHNZJGFyY2hpdmVyVCR0b3ASAAGGoKgHCBMUFRYaIVUkbnVsbNMJCgsMDxJXTlMua2V5c1pOUy5vYmplY3RzViRjbGFzc6INDoACgAOiEBGABIAFgAdccmVsYXRpdmVQYXRoWWFsaWFzRGF0YV8QHUVpbnNvcnRpZXJ0L1ByYWN0aWNhbCBJUFQucGRm0hcLGBlXTlMuZGF0YU8RAfwAAAAAAfwAAgAADU1hY2ludG9zaCBTU0QAAAAAAAAAAAAAAAAAANEai9xIKwAAACMP8hFQcmFjdGljYWwgSVBULnBkZgAAAAAAAAAAAAAAAAAAAAAAAAAAAAAAAAAAAAAAAAAAAAAAAAAAAAAAAAAAAAAAIMBS0Ry/LAAAAAAAAAAAAAEAAwAACSAAAAAAAAAAAAAAAAAAAAALRWluc29ydGllcnQAABAACAAA0Rp9zAAAABEACAAA0RyxHAAAAAEAHAAjD/IAIw5+AAcSzAAGMj8ABjI+AAYwkAACk+cAAgBpTWFjaW50b3NoIFNTRDpVc2VyczoAbHVkZ2VyOgBEb2N1bWVudHM6ACFTdHVkaXVtOgBCYWNoZWxvcmFyYmVpdDoAUXVlbGxlbjoARWluc29ydGllcnQ6AFByYWN0aWNhbCBJUFQucGRmAAAOACQAEQBQAHIAYQBjAHQAaQBjAGEAbAAgAEkAUABUAC4AcABkAGYADwAcAA0ATQBhAGMAaQBuAHQAbwBzAGgAIABTAFMARAASAFRVc2Vycy9sdWRnZXIvRG9jdW1lbnRzLyFTdHVkaXVtL0JhY2hlbG9yYXJiZWl0L1F1ZWxsZW4vRWluc29ydGllcnQvUHJhY3RpY2FsIElQVC5wZGYAEwABLwAAFQACAA3//wAAgAbSGxwdHlokY2xhc3NuYW1lWCRjbGFzc2VzXU5TTXV0YWJsZURhdGGjHR8gVk5TRGF0YVhOU09iamVjdNIbHCIjXE5TRGljdGlvbmFyeaIiIF8QD05TS2V5ZWRBcmNoaXZlctEmJ1Ryb290gAEACAARABoAIwAtADIANwBAAEYATQBVAGAAZwBqAGwAbgBxAHMAdQB3AIQAjgCuALMAuwK7Ar0CwgLNAtYC5ALoAu8C+AL9AwoDDQMfAyIDJwAAAAAAAAIBAAAAAAAAACgAAAAAAAAAAAAAAAAAAAMp}}

@article{lam2013practical,
	Author = {Lam, Long and Bauer, Pavol},
	Date-Added = {2015-03-05 15:03:48 +0000},
	Date-Modified = {2015-03-05 15:03:48 +0000},
	Journal = {IEEE transactions on power electronics},
	Number = {12},
	Pages = {5910--5918},
	Publisher = {Institute of Electrical and Electronics Engineers},
	Title = {Practical capacity fading model for Li-ion battery cells in electric vehicles},
	Volume = {28},
	Year = {2013},
	Bdsk-File-1 = {YnBsaXN0MDDUAQIDBAUGJCVYJHZlcnNpb25YJG9iamVjdHNZJGFyY2hpdmVyVCR0b3ASAAGGoKgHCBMUFRYaIVUkbnVsbNMJCgsMDxJXTlMua2V5c1pOUy5vYmplY3RzViRjbGFzc6INDoACgAOiEBGABIAFgAdccmVsYXRpdmVQYXRoWWFsaWFzRGF0YV8QTkVpbnNvcnRpZXJ0L1ByYWN0aWNhbCBDYXBhY2l0eSBGYWRpbmcgTW9kZWwgZm9yIExpLUlvbiBCYXR0ZXJ5IENlbGxzIGluIEVWLnBkZtIXCxgZV05TLmRhdGFPEQKeAAAAAAKeAAIAAA1NYWNpbnRvc2ggU1NEAAAAAAAAAAAAAAAAAADRGovcSCsAAAAjD/IfUHJhY3RpY2FsIENhcGFjaXR5IEYjMjBDMDBGLnBkZgAAAAAAAAAAAAAAAAAAAAAAAAAAAAAAAAAAAAAAAAAAACDAD9Ed4lgAAAAAAAAAAAABAAMAAAkgAAAAAAAAAAAAAAAAAAAAC0VpbnNvcnRpZXJ0AAAQAAgAANEafcwAAAARAAgAANEd1EgAAAABABwAIw/yACMOfgAHEswABjI/AAYyPgAGMJAAApPnAAIAd01hY2ludG9zaCBTU0Q6VXNlcnM6AGx1ZGdlcjoARG9jdW1lbnRzOgAhU3R1ZGl1bToAQmFjaGVsb3JhcmJlaXQ6AFF1ZWxsZW46AEVpbnNvcnRpZXJ0OgBQcmFjdGljYWwgQ2FwYWNpdHkgRiMyMEMwMEYucGRmAAAOAIYAQgBQAHIAYQBjAHQAaQBjAGEAbAAgAEMAYQBwAGEAYwBpAHQAeQAgAEYAYQBkAGkAbgBnACAATQBvAGQAZQBsACAAZgBvAHIAIABMAGkALQBJAG8AbgAgAEIAYQB0AHQAZQByAHkAIABDAGUAbABsAHMAIABpAG4AIABFAFYALgBwAGQAZgAPABwADQBNAGEAYwBpAG4AdABvAHMAaAAgAFMAUwBEABIAhVVzZXJzL2x1ZGdlci9Eb2N1bWVudHMvIVN0dWRpdW0vQmFjaGVsb3JhcmJlaXQvUXVlbGxlbi9FaW5zb3J0aWVydC9QcmFjdGljYWwgQ2FwYWNpdHkgRmFkaW5nIE1vZGVsIGZvciBMaS1Jb24gQmF0dGVyeSBDZWxscyBpbiBFVi5wZGYAABMAAS8AABUAAgAN//8AAIAG0hscHR5aJGNsYXNzbmFtZVgkY2xhc3Nlc11OU011dGFibGVEYXRhox0fIFZOU0RhdGFYTlNPYmplY3TSGxwiI1xOU0RpY3Rpb25hcnmiIiBfEA9OU0tleWVkQXJjaGl2ZXLRJidUcm9vdIABAAgAEQAaACMALQAyADcAQABGAE0AVQBgAGcAagBsAG4AcQBzAHUAdwCEAI4A3wDkAOwDjgOQA5UDoAOpA7cDuwPCA8sD0APdA+AD8gP1A/oAAAAAAAACAQAAAAAAAAAoAAAAAAAAAAAAAAAAAAAD/A==}}

@article{gerssen2012performance,
	Author = {Gerssen-Gondelach, Sarah J and Faaij, Andr{\'e} PC},
	Date-Added = {2015-03-05 15:03:04 +0000},
	Date-Modified = {2015-03-05 15:03:04 +0000},
	Journal = {Journal of power sources},
	Pages = {111--129},
	Publisher = {Elsevier},
	Title = {Performance of batteries for electric vehicles on short and longer term},
	Volume = {212},
	Year = {2012},
	Bdsk-File-1 = {YnBsaXN0MDDUAQIDBAUGJCVYJHZlcnNpb25YJG9iamVjdHNZJGFyY2hpdmVyVCR0b3ASAAGGoKgHCBMUFRYaIVUkbnVsbNMJCgsMDxJXTlMua2V5c1pOUy5vYmplY3RzViRjbGFzc6INDoACgAOiEBGABIAFgAdccmVsYXRpdmVQYXRoWWFsaWFzRGF0YV8QL0VpbnNvcnRpZXJ0L1BlcmZvcm1hbmNlIG9mIGJhdHRlcmllcyBmb3IgRVYucGRm0hcLGBlXTlMuZGF0YU8RAkAAAAAAAkAAAgAADU1hY2ludG9zaCBTU0QAAAAAAAAAAAAAAAAAANEai9xIKwAAACMP8h9QZXJmb3JtYW5jZSBvZiBiYXR0ZSMyMEMwMDYucGRmAAAAAAAAAAAAAAAAAAAAAAAAAAAAAAAAAAAAAAAAAAAAIMAG0R3iWAAAAAAAAAAAAAEAAwAACSAAAAAAAAAAAAAAAAAAAAALRWluc29ydGllcnQAABAACAAA0Rp9zAAAABEACAAA0R3USAAAAAEAHAAjD/IAIw5+AAcSzAAGMj8ABjI+AAYwkAACk+cAAgB3TWFjaW50b3NoIFNTRDpVc2VyczoAbHVkZ2VyOgBEb2N1bWVudHM6ACFTdHVkaXVtOgBCYWNoZWxvcmFyYmVpdDoAUXVlbGxlbjoARWluc29ydGllcnQ6AFBlcmZvcm1hbmNlIG9mIGJhdHRlIzIwQzAwNi5wZGYAAA4ASAAjAFAAZQByAGYAbwByAG0AYQBuAGMAZQAgAG8AZgAgAGIAYQB0AHQAZQByAGkAZQBzACAAZgBvAHIAIABFAFYALgBwAGQAZgAPABwADQBNAGEAYwBpAG4AdABvAHMAaAAgAFMAUwBEABIAZlVzZXJzL2x1ZGdlci9Eb2N1bWVudHMvIVN0dWRpdW0vQmFjaGVsb3JhcmJlaXQvUXVlbGxlbi9FaW5zb3J0aWVydC9QZXJmb3JtYW5jZSBvZiBiYXR0ZXJpZXMgZm9yIEVWLnBkZgATAAEvAAAVAAIADf//AACABtIbHB0eWiRjbGFzc25hbWVYJGNsYXNzZXNdTlNNdXRhYmxlRGF0YaMdHyBWTlNEYXRhWE5TT2JqZWN00hscIiNcTlNEaWN0aW9uYXJ5oiIgXxAPTlNLZXllZEFyY2hpdmVy0SYnVHJvb3SAAQAIABEAGgAjAC0AMgA3AEAARgBNAFUAYABnAGoAbABuAHEAcwB1AHcAhACOAMAAxQDNAxEDEwMYAyMDLAM6Az4DRQNOA1MDYANjA3UDeAN9AAAAAAAAAgEAAAAAAAAAKAAAAAAAAAAAAAAAAAAAA38=}}

@manual{Association:2005,
	Author = {{European Power Supply Manufacturers Association}},
	Date-Added = {2015-03-05 14:58:31 +0000},
	Date-Modified = {2015-03-06 10:40:28 +0000},
	Title = {Guidelines to Understanding Reliability Prediction},
	Year = {2005},
	Bdsk-File-1 = {YnBsaXN0MDDUAQIDBAUGJCVYJHZlcnNpb25YJG9iamVjdHNZJGFyY2hpdmVyVCR0b3ASAAGGoKgHCBMUFRYaIVUkbnVsbNMJCgsMDxJXTlMua2V5c1pOUy5vYmplY3RzViRjbGFzc6INDoACgAOiEBGABIAFgAdccmVsYXRpdmVQYXRoWWFsaWFzRGF0YV8QKEVpbnNvcnRpZXJ0L01UQkYgUmVwb3J0XzI0IEp1bmUgMjAwNS5wZGbSFwsYGVdOUy5kYXRhTxECKAAAAAACKAACAAANTWFjaW50b3NoIFNTRAAAAAAAAAAAAAAAAAAA0RqL3EgrAAAAIw/yHE1UQkYgUmVwb3J0XzI0IEp1bmUgMjAwNS5wZGYAAAAAAAAAAAAAAAAAAAAAAAAAAAAAAAAAAAAAAAAAAAAAAAAgwFHRHJOqAAAAAAAAAAAAAQADAAAJIAAAAAAAAAAAAAAAAAAAAAtFaW5zb3J0aWVydAAAEAAIAADRGn3MAAAAEQAIAADRHIWaAAAAAQAcACMP8gAjDn4ABxLMAAYyPwAGMj4ABjCQAAKT5wACAHRNYWNpbnRvc2ggU1NEOlVzZXJzOgBsdWRnZXI6AERvY3VtZW50czoAIVN0dWRpdW06AEJhY2hlbG9yYXJiZWl0OgBRdWVsbGVuOgBFaW5zb3J0aWVydDoATVRCRiBSZXBvcnRfMjQgSnVuZSAyMDA1LnBkZgAOADoAHABNAFQAQgBGACAAUgBlAHAAbwByAHQAXwAyADQAIABKAHUAbgBlACAAMgAwADAANQAuAHAAZABmAA8AHAANAE0AYQBjAGkAbgB0AG8AcwBoACAAUwBTAEQAEgBfVXNlcnMvbHVkZ2VyL0RvY3VtZW50cy8hU3R1ZGl1bS9CYWNoZWxvcmFyYmVpdC9RdWVsbGVuL0VpbnNvcnRpZXJ0L01UQkYgUmVwb3J0XzI0IEp1bmUgMjAwNS5wZGYAABMAAS8AABUAAgAN//8AAIAG0hscHR5aJGNsYXNzbmFtZVgkY2xhc3Nlc11OU011dGFibGVEYXRhox0fIFZOU0RhdGFYTlNPYmplY3TSGxwiI1xOU0RpY3Rpb25hcnmiIiBfEA9OU0tleWVkQXJjaGl2ZXLRJidUcm9vdIABAAgAEQAaACMALQAyADcAQABGAE0AVQBgAGcAagBsAG4AcQBzAHUAdwCEAI4AuQC+AMYC8gL0AvkDBAMNAxsDHwMmAy8DNANBA0QDVgNZA14AAAAAAAACAQAAAAAAAAAoAAAAAAAAAAAAAAAAAAADYA==}}

@url{EnCons,
	Author = {Daniel Lauer},
	Date-Added = {2015-03-05 14:55:49 +0000},
	Date-Modified = {2015-03-05 14:58:09 +0000},
	Lastchecked = {2015-03-05},
	Note = {Vortrag auf: TROLLEY Summer University ``ebus - the smart way!'', Universit{\"a}t Leipzig},
	Title = {Energy consumption of electrical driven regular buses dependent on route characteristics and operational requirements},
	Url = {http://www.trolley-project.eu/fileadmin/user_upload/download/University/TROLLEY_Auer_FH_Landshut_energy_consumption_ebus.pdf},
	Urldate = {2015-03-05},
	Bdsk-File-1 = {YnBsaXN0MDDUAQIDBAUGJCVYJHZlcnNpb25YJG9iamVjdHNZJGFyY2hpdmVyVCR0b3ASAAGGoKgHCBMUFRYaIVUkbnVsbNMJCgsMDxJXTlMua2V5c1pOUy5vYmplY3RzViRjbGFzc6INDoACgAOiEBGABIAFgAdccmVsYXRpdmVQYXRoWWFsaWFzRGF0YW8QKwBFAGkAbgBzAG8AcgB0AGkAZQByAHQALwBNAG8AZABlAGwAbAAgAGYA/AByACAARQBuAGUAcgBnAGkAZQB2AGUAcgBiAHIAYQB1AGMAaAAuAHAAZABm0hcLGBlXTlMuZGF0YU8RAjgAAAAAAjgAAgAADU1hY2ludG9zaCBTU0QAAAAAAAAAAAAAAAAAANEai9xIKwAAACMP8h9Nb2RlbGwgZp9yIEVuZXJnaWV2ZXJicmF1Y2gucGRmAAAAAAAAAAAAAAAAAAAAAAAAAAAAAAAAAAAAAAAAAAAAIMAE0R3iWAAAAAAAAAAAAAEAAwAACSAAAAAAAAAAAAAAAAAAAAALRWluc29ydGllcnQAABAACAAA0Rp9zAAAABEACAAA0R3USAAAAAEAHAAjD/IAIw5+AAcSzAAGMj8ABjI+AAYwkAACk+cAAgB3TWFjaW50b3NoIFNTRDpVc2VyczoAbHVkZ2VyOgBEb2N1bWVudHM6ACFTdHVkaXVtOgBCYWNoZWxvcmFyYmVpdDoAUXVlbGxlbjoARWluc29ydGllcnQ6AE1vZGVsbCBmn3IgRW5lcmdpZXZlcmJyYXVjaC5wZGYAAA4AQgAgAE0AbwBkAGUAbABsACAAZgB1AwgAcgAgAEUAbgBlAHIAZwBpAGUAdgBlAHIAYgByAGEAdQBjAGgALgBwAGQAZgAPABwADQBNAGEAYwBpAG4AdABvAHMAaAAgAFMAUwBEABIAY1VzZXJzL2x1ZGdlci9Eb2N1bWVudHMvIVN0dWRpdW0vQmFjaGVsb3JhcmJlaXQvUXVlbGxlbi9FaW5zb3J0aWVydC9Nb2RlbGwgZsO8ciBFbmVyZ2lldmVyYnJhdWNoLnBkZgAAEwABLwAAFQACAA3//wAAgAbSGxwdHlokY2xhc3NuYW1lWCRjbGFzc2VzXU5TTXV0YWJsZURhdGGjHR8gVk5TRGF0YVhOU09iamVjdNIbHCIjXE5TRGljdGlvbmFyeaIiIF8QD05TS2V5ZWRBcmNoaXZlctEmJ1Ryb290gAEACAARABoAIwAtADIANwBAAEYATQBVAGAAZwBqAGwAbgBxAHMAdQB3AIQAjgDnAOwA9AMwAzIDNwNCA0sDWQNdA2QDbQNyA38DggOUA5cDnAAAAAAAAAIBAAAAAAAAACgAAAAAAAAAAAAAAAAAAAOe}}

@url{charStan,
	Author = {Thomas Br{\"a}unl},
	Date-Added = {2015-03-05 14:51:53 +0000},
	Date-Modified = {2015-03-05 14:53:13 +0000},
	Lastchecked = {2015-03-05},
	Title = {EV Charging Standards},
	Url = {http://therevproject.com/doc/2012-EVcharging-s.pdf},
	Urldate = {2015-03-05},
	Bdsk-File-1 = {YnBsaXN0MDDUAQIDBAUGJCVYJHZlcnNpb25YJG9iamVjdHNZJGFyY2hpdmVyVCR0b3ASAAGGoKgHCBMUFRYaIVUkbnVsbNMJCgsMDxJXTlMua2V5c1pOUy5vYmplY3RzViRjbGFzc6INDoACgAOiEBGABIAFgAdccmVsYXRpdmVQYXRoWWFsaWFzRGF0YV8QMUVpbnNvcnRpZXJ0L0xldmVsIE1vZGUgdHlwZSBrb25kdWt0aXYgTWFudWVsbC5wZGbSFwsYGVdOUy5kYXRhTxECRgAAAAACRgACAAANTWFjaW50b3NoIFNTRAAAAAAAAAAAAAAAAAAA0RqL3EgrAAAAIw/yH0xldmVsIE1vZGUgdHlwZSBrb25kIzIwQzA1MC5wZGYAAAAAAAAAAAAAAAAAAAAAAAAAAAAAAAAAAAAAAAAAAAAgwFDRHMR6AAAAAAAAAAAAAQADAAAJIAAAAAAAAAAAAAAAAAAAAAtFaW5zb3J0aWVydAAAEAAIAADRGn3MAAAAEQAIAADRHLZqAAAAAQAcACMP8gAjDn4ABxLMAAYyPwAGMj4ABjCQAAKT5wACAHdNYWNpbnRvc2ggU1NEOlVzZXJzOgBsdWRnZXI6AERvY3VtZW50czoAIVN0dWRpdW06AEJhY2hlbG9yYXJiZWl0OgBRdWVsbGVuOgBFaW5zb3J0aWVydDoATGV2ZWwgTW9kZSB0eXBlIGtvbmQjMjBDMDUwLnBkZgAADgBMACUATABlAHYAZQBsACAATQBvAGQAZQAgAHQAeQBwAGUAIABrAG8AbgBkAHUAawB0AGkAdgAgAE0AYQBuAHUAZQBsAGwALgBwAGQAZgAPABwADQBNAGEAYwBpAG4AdABvAHMAaAAgAFMAUwBEABIAaFVzZXJzL2x1ZGdlci9Eb2N1bWVudHMvIVN0dWRpdW0vQmFjaGVsb3JhcmJlaXQvUXVlbGxlbi9FaW5zb3J0aWVydC9MZXZlbCBNb2RlIHR5cGUga29uZHVrdGl2IE1hbnVlbGwucGRmABMAAS8AABUAAgAN//8AAIAG0hscHR5aJGNsYXNzbmFtZVgkY2xhc3Nlc11OU011dGFibGVEYXRhox0fIFZOU0RhdGFYTlNPYmplY3TSGxwiI1xOU0RpY3Rpb25hcnmiIiBfEA9OU0tleWVkQXJjaGl2ZXLRJidUcm9vdIABAAgAEQAaACMALQAyADcAQABGAE0AVQBgAGcAagBsAG4AcQBzAHUAdwCEAI4AwgDHAM8DGQMbAyADKwM0A0IDRgNNA1YDWwNoA2sDfQOAA4UAAAAAAAACAQAAAAAAAAAoAAAAAAAAAAAAAAAAAAADhw==}}

@article{kunithplanning,
	Author = {Kunith, Alexander and Goehlich, Dietmar and Mendelevitch, Roman},
	Date-Added = {2015-03-05 14:49:41 +0000},
	Date-Modified = {2015-03-05 14:50:59 +0000},
	Title = {Planning and optimization of a fast-charging infrastructure for electric urban bus systems},
	Year = {2014},
	Bdsk-File-1 = {YnBsaXN0MDDUAQIDBAUGJCVYJHZlcnNpb25YJG9iamVjdHNZJGFyY2hpdmVyVCR0b3ASAAGGoKgHCBMUFRYaIVUkbnVsbNMJCgsMDxJXTlMua2V5c1pOUy5vYmplY3RzViRjbGFzc6INDoACgAOiEBGABIAFgAdccmVsYXRpdmVQYXRoWWFsaWFzRGF0YV8QI0VpbnNvcnRpZXJ0L0xhZGVuZXR6b3B0aW1pZXJ1bmcucGRm0hcLGBlXTlMuZGF0YU8RAhQAAAAAAhQAAgAADU1hY2ludG9zaCBTU0QAAAAAAAAAAAAAAAAAANEai9xIKwAAACMP8hdMYWRlbmV0em9wdGltaWVydW5nLnBkZgAAAAAAAAAAAAAAAAAAAAAAAAAAAAAAAAAAAAAAAAAAAAAAAAAAAAAAIMAD0R3iWAAAAAAAAAAAAAEAAwAACSAAAAAAAAAAAAAAAAAAAAALRWluc29ydGllcnQAABAACAAA0Rp9zAAAABEACAAA0R3USAAAAAEAHAAjD/IAIw5+AAcSzAAGMj8ABjI+AAYwkAACk+cAAgBvTWFjaW50b3NoIFNTRDpVc2VyczoAbHVkZ2VyOgBEb2N1bWVudHM6ACFTdHVkaXVtOgBCYWNoZWxvcmFyYmVpdDoAUXVlbGxlbjoARWluc29ydGllcnQ6AExhZGVuZXR6b3B0aW1pZXJ1bmcucGRmAAAOADAAFwBMAGEAZABlAG4AZQB0AHoAbwBwAHQAaQBtAGkAZQByAHUAbgBnAC4AcABkAGYADwAcAA0ATQBhAGMAaQBuAHQAbwBzAGgAIABTAFMARAASAFpVc2Vycy9sdWRnZXIvRG9jdW1lbnRzLyFTdHVkaXVtL0JhY2hlbG9yYXJiZWl0L1F1ZWxsZW4vRWluc29ydGllcnQvTGFkZW5ldHpvcHRpbWllcnVuZy5wZGYAEwABLwAAFQACAA3//wAAgAbSGxwdHlokY2xhc3NuYW1lWCRjbGFzc2VzXU5TTXV0YWJsZURhdGGjHR8gVk5TRGF0YVhOU09iamVjdNIbHCIjXE5TRGljdGlvbmFyeaIiIF8QD05TS2V5ZWRBcmNoaXZlctEmJ1Ryb290gAEACAARABoAIwAtADIANwBAAEYATQBVAGAAZwBqAGwAbgBxAHMAdQB3AIQAjgC0ALkAwQLZAtsC4ALrAvQDAgMGAw0DFgMbAygDKwM9A0ADRQAAAAAAAAIBAAAAAAAAACgAAAAAAAAAAAAAAAAAAANH}}

@article{lukic2013cutting,
	Author = {Lukic, Srdjan and Pantic, Zelijko},
	Date-Added = {2015-03-05 14:48:19 +0000},
	Date-Modified = {2015-03-05 14:48:19 +0000},
	Journal = {Electrification Magazine, IEEE},
	Number = {1},
	Pages = {57--64},
	Publisher = {IEEE},
	Title = {Cutting the cord: Static and dynamic inductive wireless charging of electric vehicles},
	Volume = {1},
	Year = {2013},
	Bdsk-File-1 = {YnBsaXN0MDDUAQIDBAUGJCVYJHZlcnNpb25YJG9iamVjdHNZJGFyY2hpdmVyVCR0b3ASAAGGoKgHCBMUFRYaIVUkbnVsbNMJCgsMDxJXTlMua2V5c1pOUy5vYmplY3RzViRjbGFzc6INDoACgAOiEBGABIAFgAdccmVsYXRpdmVQYXRoWWFsaWFzRGF0YW8QGwBFAGkAbgBzAG8AcgB0AGkAZQByAHQALwBJAFAAVAAgAFAAbwBwAHUAbADkAHIALgBwAGQAZtIXCxgZV05TLmRhdGFPEQH4AAAAAAH4AAIAAA1NYWNpbnRvc2ggU1NEAAAAAAAAAAAAAAAAAADRGovcSCsAAAAjD/IPSVBUIFBvcHVsinIucGRmAAAAAAAAAAAAAAAAAAAAAAAAAAAAAAAAAAAAAAAAAAAAAAAAAAAAAAAAAAAAAAAAACDAAtEd4lgAAAAAAAAAAAABAAMAAAkgAAAAAAAAAAAAAAAAAAAAC0VpbnNvcnRpZXJ0AAAQAAgAANEafcwAAAARAAgAANEd1EgAAAABABwAIw/yACMOfgAHEswABjI/AAYyPgAGMJAAApPnAAIAZ01hY2ludG9zaCBTU0Q6VXNlcnM6AGx1ZGdlcjoARG9jdW1lbnRzOgAhU3R1ZGl1bToAQmFjaGVsb3JhcmJlaXQ6AFF1ZWxsZW46AEVpbnNvcnRpZXJ0OgBJUFQgUG9wdWyKci5wZGYAAA4AIgAQAEkAUABUACAAUABvAHAAdQBsAGEDCAByAC4AcABkAGYADwAcAA0ATQBhAGMAaQBuAHQAbwBzAGgAIABTAFMARAASAFNVc2Vycy9sdWRnZXIvRG9jdW1lbnRzLyFTdHVkaXVtL0JhY2hlbG9yYXJiZWl0L1F1ZWxsZW4vRWluc29ydGllcnQvSVBUIFBvcHVsw6RyLnBkZgAAEwABLwAAFQACAA3//wAAgAbSGxwdHlokY2xhc3NuYW1lWCRjbGFzc2VzXU5TTXV0YWJsZURhdGGjHR8gVk5TRGF0YVhOU09iamVjdNIbHCIjXE5TRGljdGlvbmFyeaIiIF8QD05TS2V5ZWRBcmNoaXZlctEmJ1Ryb290gAEACAARABoAIwAtADIANwBAAEYATQBVAGAAZwBqAGwAbgBxAHMAdQB3AIQAjgDHAMwA1ALQAtIC1wLiAusC+QL9AwQDDQMSAx8DIgM0AzcDPAAAAAAAAAIBAAAAAAAAACgAAAAAAAAAAAAAAAAAAAM+}}

@inproceedings{budhia2010new,
	Author = {Budhia, Mickel and Covic, Grant and Boys, John},
	Booktitle = {IECON 2010-36th Annual Conference on IEEE Industrial Electronics Society},
	Date-Added = {2015-03-05 14:46:31 +0000},
	Date-Modified = {2015-03-05 14:46:31 +0000},
	Organization = {IEEE},
	Pages = {2487--2492},
	Title = {A new IPT magnetic coupler for electric vehicle charging systems},
	Year = {2010},
	Bdsk-File-1 = {YnBsaXN0MDDUAQIDBAUGJCVYJHZlcnNpb25YJG9iamVjdHNZJGFyY2hpdmVyVCR0b3ASAAGGoKgHCBMUFRYaIVUkbnVsbNMJCgsMDxJXTlMua2V5c1pOUy5vYmplY3RzViRjbGFzc6INDoACgAOiEBGABIAFgAdccmVsYXRpdmVQYXRoWWFsaWFzRGF0YV8QHUVpbnNvcnRpZXJ0L0lQVCBGTHV4IFBpcGUucGRm0hcLGBlXTlMuZGF0YU8RAfwAAAAAAfwAAgAADU1hY2ludG9zaCBTU0QAAAAAAAAAAAAAAAAAANEai9xIKwAAACMP8hFJUFQgRkx1eCBQaXBlLnBkZgAAAAAAAAAAAAAAAAAAAAAAAAAAAAAAAAAAAAAAAAAAAAAAAAAAAAAAAAAAAAAAIMAB0R3iWAAAAAAAAAAAAAEAAwAACSAAAAAAAAAAAAAAAAAAAAALRWluc29ydGllcnQAABAACAAA0Rp9zAAAABEACAAA0R3USAAAAAEAHAAjD/IAIw5+AAcSzAAGMj8ABjI+AAYwkAACk+cAAgBpTWFjaW50b3NoIFNTRDpVc2VyczoAbHVkZ2VyOgBEb2N1bWVudHM6ACFTdHVkaXVtOgBCYWNoZWxvcmFyYmVpdDoAUXVlbGxlbjoARWluc29ydGllcnQ6AElQVCBGTHV4IFBpcGUucGRmAAAOACQAEQBJAFAAVAAgAEYATAB1AHgAIABQAGkAcABlAC4AcABkAGYADwAcAA0ATQBhAGMAaQBuAHQAbwBzAGgAIABTAFMARAASAFRVc2Vycy9sdWRnZXIvRG9jdW1lbnRzLyFTdHVkaXVtL0JhY2hlbG9yYXJiZWl0L1F1ZWxsZW4vRWluc29ydGllcnQvSVBUIEZMdXggUGlwZS5wZGYAEwABLwAAFQACAA3//wAAgAbSGxwdHlokY2xhc3NuYW1lWCRjbGFzc2VzXU5TTXV0YWJsZURhdGGjHR8gVk5TRGF0YVhOU09iamVjdNIbHCIjXE5TRGljdGlvbmFyeaIiIF8QD05TS2V5ZWRBcmNoaXZlctEmJ1Ryb290gAEACAARABoAIwAtADIANwBAAEYATQBVAGAAZwBqAGwAbgBxAHMAdQB3AIQAjgCuALMAuwK7Ar0CwgLNAtYC5ALoAu8C+AL9AwoDDQMfAyIDJwAAAAAAAAIBAAAAAAAAACgAAAAAAAAAAAAAAAAAAAMp}}

@article{covic2013inductive,
	Author = {Covic, Grant A and Boys, John T},
	Date-Added = {2015-03-05 14:45:51 +0000},
	Date-Modified = {2015-03-05 14:45:51 +0000},
	Journal = {Proceedings of the IEEE},
	Number = {6},
	Pages = {1276--1289},
	Publisher = {IEEE},
	Title = {Inductive power transfer},
	Volume = {101},
	Year = {2013},
	Bdsk-File-1 = {YnBsaXN0MDDUAQIDBAUGJCVYJHZlcnNpb25YJG9iamVjdHNZJGFyY2hpdmVyVCR0b3ASAAGGoKgHCBMUFRYaIVUkbnVsbNMJCgsMDxJXTlMua2V5c1pOUy5vYmplY3RzViRjbGFzc6INDoACgAOiEBGABIAFgAdccmVsYXRpdmVQYXRoWWFsaWFzRGF0YV8QKEVpbnNvcnRpZXJ0L0luZHVjdGl2ZSBQb3dlciBUcmFuc2Zlci5wZGbSFwsYGVdOUy5kYXRhTxECKAAAAAACKAACAAANTWFjaW50b3NoIFNTRAAAAAAAAAAAAAAAAAAA0RqL3EgrAAAAIw/yHEluZHVjdGl2ZSBQb3dlciBUcmFuc2Zlci5wZGYAAAAAAAAAAAAAAAAAAAAAAAAAAAAAAAAAAAAAAAAAAAAAAAAgwADRHeJYAAAAAAAAAAAAAQADAAAJIAAAAAAAAAAAAAAAAAAAAAtFaW5zb3J0aWVydAAAEAAIAADRGn3MAAAAEQAIAADRHdRIAAAAAQAcACMP8gAjDn4ABxLMAAYyPwAGMj4ABjCQAAKT5wACAHRNYWNpbnRvc2ggU1NEOlVzZXJzOgBsdWRnZXI6AERvY3VtZW50czoAIVN0dWRpdW06AEJhY2hlbG9yYXJiZWl0OgBRdWVsbGVuOgBFaW5zb3J0aWVydDoASW5kdWN0aXZlIFBvd2VyIFRyYW5zZmVyLnBkZgAOADoAHABJAG4AZAB1AGMAdABpAHYAZQAgAFAAbwB3AGUAcgAgAFQAcgBhAG4AcwBmAGUAcgAuAHAAZABmAA8AHAANAE0AYQBjAGkAbgB0AG8AcwBoACAAUwBTAEQAEgBfVXNlcnMvbHVkZ2VyL0RvY3VtZW50cy8hU3R1ZGl1bS9CYWNoZWxvcmFyYmVpdC9RdWVsbGVuL0VpbnNvcnRpZXJ0L0luZHVjdGl2ZSBQb3dlciBUcmFuc2Zlci5wZGYAABMAAS8AABUAAgAN//8AAIAG0hscHR5aJGNsYXNzbmFtZVgkY2xhc3Nlc11OU011dGFibGVEYXRhox0fIFZOU0RhdGFYTlNPYmplY3TSGxwiI1xOU0RpY3Rpb25hcnmiIiBfEA9OU0tleWVkQXJjaGl2ZXLRJidUcm9vdIABAAgAEQAaACMALQAyADcAQABGAE0AVQBgAGcAagBsAG4AcQBzAHUAdwCEAI4AuQC+AMYC8gL0AvkDBAMNAxsDHwMmAy8DNANBA0QDVgNZA14AAAAAAAACAQAAAAAAAAAoAAAAAAAAAAAAAAAAAAADYA==}}

@inproceedings{kuyvenhoven2011development,
	Author = {Kuyvenhoven, Neil and Dean, C and Melton, J and Schwannecke, J and Umenei, AE},
	Booktitle = {Product Compliance Engineering (PSES), 2011 IEEE Symposium on},
	Date-Added = {2015-03-05 14:45:02 +0000},
	Date-Modified = {2015-03-05 14:45:02 +0000},
	Organization = {IEEE},
	Pages = {1--6},
	Title = {Development of a foreign object detection and analysis method for wireless power systems},
	Year = {2011},
	Bdsk-File-1 = {YnBsaXN0MDDUAQIDBAUGJCVYJHZlcnNpb25YJG9iamVjdHNZJGFyY2hpdmVyVCR0b3ASAAGGoKgHCBMUFRYaIVUkbnVsbNMJCgsMDxJXTlMua2V5c1pOUy5vYmplY3RzViRjbGFzc6INDoACgAOiEBGABIAFgAdccmVsYXRpdmVQYXRoWWFsaWFzRGF0YV8QOkVpbnNvcnRpZXJ0L0luZGV1a3RpdmVzIExhZGVuIEZvcmVpZ24gT2JqZWN0IERldGVjdGlvbi5wZGbSFwsYGVdOUy5kYXRhTxECYgAAAAACYgACAAANTWFjaW50b3NoIFNTRAAAAAAAAAAAAAAAAAAA0RqL3EgrAAAAIw/yH0luZGV1a3RpdmVzIExhZGVuIEZvIzIwQzA0Ri5wZGYAAAAAAAAAAAAAAAAAAAAAAAAAAAAAAAAAAAAAAAAAAAAgwE/RHNtcAAAAAAAAAAAAAQADAAAJIAAAAAAAAAAAAAAAAAAAAAtFaW5zb3J0aWVydAAAEAAIAADRGn3MAAAAEQAIAADRHM1MAAAAAQAcACMP8gAjDn4ABxLMAAYyPwAGMj4ABjCQAAKT5wACAHdNYWNpbnRvc2ggU1NEOlVzZXJzOgBsdWRnZXI6AERvY3VtZW50czoAIVN0dWRpdW06AEJhY2hlbG9yYXJiZWl0OgBRdWVsbGVuOgBFaW5zb3J0aWVydDoASW5kZXVrdGl2ZXMgTGFkZW4gRm8jMjBDMDRGLnBkZgAADgBeAC4ASQBuAGQAZQB1AGsAdABpAHYAZQBzACAATABhAGQAZQBuACAARgBvAHIAZQBpAGcAbgAgAE8AYgBqAGUAYwB0ACAARABlAHQAZQBjAHQAaQBvAG4ALgBwAGQAZgAPABwADQBNAGEAYwBpAG4AdABvAHMAaAAgAFMAUwBEABIAcVVzZXJzL2x1ZGdlci9Eb2N1bWVudHMvIVN0dWRpdW0vQmFjaGVsb3JhcmJlaXQvUXVlbGxlbi9FaW5zb3J0aWVydC9JbmRldWt0aXZlcyBMYWRlbiBGb3JlaWduIE9iamVjdCBEZXRlY3Rpb24ucGRmAAATAAEvAAAVAAIADf//AACABtIbHB0eWiRjbGFzc25hbWVYJGNsYXNzZXNdTlNNdXRhYmxlRGF0YaMdHyBWTlNEYXRhWE5TT2JqZWN00hscIiNcTlNEaWN0aW9uYXJ5oiIgXxAPTlNLZXllZEFyY2hpdmVy0SYnVHJvb3SAAQAIABEAGgAjAC0AMgA3AEAARgBNAFUAYABnAGoAbABuAHEAcwB1AHcAhACOAMsA0ADYAz4DQANFA1ADWQNnA2sDcgN7A4ADjQOQA6IDpQOqAAAAAAAAAgEAAAAAAAAAKAAAAAAAAAAAAAAAAAAAA6w=}}

@url{SiemensWien,
	Author = {{Siemens AG}},
	Date-Added = {2015-03-05 14:42:54 +0000},
	Date-Modified = {2015-03-06 10:32:04 +0000},
	Doi = {http://www.siemens.com/press/pool/de/events/2013/infrastructure-cities/2013-03-uitp-pk/hintergrund-ebus-wiener-linien-d.pdf},
	Lastchecked = {2015-03-05},
	Title = {Elektrobus der Wiener Linien},
	Urldate = {2015-03-05},
	Bdsk-File-1 = {YnBsaXN0MDDUAQIDBAUGJCVYJHZlcnNpb25YJG9iamVjdHNZJGFyY2hpdmVyVCR0b3ASAAGGoKgHCBMUFRYaIVUkbnVsbNMJCgsMDxJXTlMua2V5c1pOUy5vYmplY3RzViRjbGFzc6INDoACgAOiEBGABIAFgAdccmVsYXRpdmVQYXRoWWFsaWFzRGF0YV8QMEVpbnNvcnRpZXJ0L2hpbnRlcmdydW5kLWVidXMtd2llbmVyLWxpbmllbi1kLnBkZtIXCxgZV05TLmRhdGFPEQJEAAAAAAJEAAIAAA1NYWNpbnRvc2ggU1NEAAAAAAAAAAAAAAAAAADRGovcSCsAAAAjD/IfaGludGVyZ3J1bmQtZWJ1cy13aWUjMjBDMDRFLnBkZgAAAAAAAAAAAAAAAAAAAAAAAAAAAAAAAAAAAAAAAAAAACDATtEcmaoAAAAAAAAAAAABAAMAAAkgAAAAAAAAAAAAAAAAAAAAC0VpbnNvcnRpZXJ0AAAQAAgAANEafcwAAAARAAgAANEci5oAAAABABwAIw/yACMOfgAHEswABjI/AAYyPgAGMJAAApPnAAIAd01hY2ludG9zaCBTU0Q6VXNlcnM6AGx1ZGdlcjoARG9jdW1lbnRzOgAhU3R1ZGl1bToAQmFjaGVsb3JhcmJlaXQ6AFF1ZWxsZW46AEVpbnNvcnRpZXJ0OgBoaW50ZXJncnVuZC1lYnVzLXdpZSMyMEMwNEUucGRmAAAOAEoAJABoAGkAbgB0AGUAcgBnAHIAdQBuAGQALQBlAGIAdQBzAC0AdwBpAGUAbgBlAHIALQBsAGkAbgBpAGUAbgAtAGQALgBwAGQAZgAPABwADQBNAGEAYwBpAG4AdABvAHMAaAAgAFMAUwBEABIAZ1VzZXJzL2x1ZGdlci9Eb2N1bWVudHMvIVN0dWRpdW0vQmFjaGVsb3JhcmJlaXQvUXVlbGxlbi9FaW5zb3J0aWVydC9oaW50ZXJncnVuZC1lYnVzLXdpZW5lci1saW5pZW4tZC5wZGYAABMAAS8AABUAAgAN//8AAIAG0hscHR5aJGNsYXNzbmFtZVgkY2xhc3Nlc11OU011dGFibGVEYXRhox0fIFZOU0RhdGFYTlNPYmplY3TSGxwiI1xOU0RpY3Rpb25hcnmiIiBfEA9OU0tleWVkQXJjaGl2ZXLRJidUcm9vdIABAAgAEQAaACMALQAyADcAQABGAE0AVQBgAGcAagBsAG4AcQBzAHUAdwCEAI4AwQDGAM4DFgMYAx0DKAMxAz8DQwNKA1MDWANlA2gDegN9A4IAAAAAAAACAQAAAAAAAAAoAAAAAAAAAAAAAAAAAAADhA==}}

@techreport{brecher2014review,
	Author = {Brecher, Aviva and Arthur, David},
	Date-Added = {2015-03-05 14:34:50 +0000},
	Date-Modified = {2015-03-05 14:37:20 +0000},
	Institution = {Federal Transit Administration},
	Number = {FTA Report 0060},
	Title = {Review and Evaluation of Wireless Power Transfer (WPT) for Electric Transit Applications},
	Year = {2014},
	Bdsk-File-1 = {YnBsaXN0MDDUAQIDBAUGJCVYJHZlcnNpb25YJG9iamVjdHNZJGFyY2hpdmVyVCR0b3ASAAGGoKgHCBMUFRYaIVUkbnVsbNMJCgsMDxJXTlMua2V5c1pOUy5vYmplY3RzViRjbGFzc6INDoACgAOiEBGABIAFgAdccmVsYXRpdmVQYXRoWWFsaWFzRGF0YV8QI0VpbnNvcnRpZXJ0L0ZUQV9SZXBvcnRfTm8uXzAwNjAucGRm0hcLGBlXTlMuZGF0YU8RAhQAAAAAAhQAAgAADU1hY2ludG9zaCBTU0QAAAAAAAAAAAAAAAAAANEai9xIKwAAACMP8hdGVEFfUmVwb3J0X05vLl8wMDYwLnBkZgAAAAAAAAAAAAAAAAAAAAAAAAAAAAAAAAAAAAAAAAAAAAAAAAAAAAAAIMBY0RtE4AAAAAAAAAAAAAEAAwAACSAAAAAAAAAAAAAAAAAAAAALRWluc29ydGllcnQAABAACAAA0Rp9zAAAABEACAAA0Rs20AAAAAEAHAAjD/IAIw5+AAcSzAAGMj8ABjI+AAYwkAACk+cAAgBvTWFjaW50b3NoIFNTRDpVc2VyczoAbHVkZ2VyOgBEb2N1bWVudHM6ACFTdHVkaXVtOgBCYWNoZWxvcmFyYmVpdDoAUXVlbGxlbjoARWluc29ydGllcnQ6AEZUQV9SZXBvcnRfTm8uXzAwNjAucGRmAAAOADAAFwBGAFQAQQBfAFIAZQBwAG8AcgB0AF8ATgBvAC4AXwAwADAANgAwAC4AcABkAGYADwAcAA0ATQBhAGMAaQBuAHQAbwBzAGgAIABTAFMARAASAFpVc2Vycy9sdWRnZXIvRG9jdW1lbnRzLyFTdHVkaXVtL0JhY2hlbG9yYXJiZWl0L1F1ZWxsZW4vRWluc29ydGllcnQvRlRBX1JlcG9ydF9Oby5fMDA2MC5wZGYAEwABLwAAFQACAA3//wAAgAbSGxwdHlokY2xhc3NuYW1lWCRjbGFzc2VzXU5TTXV0YWJsZURhdGGjHR8gVk5TRGF0YVhOU09iamVjdNIbHCIjXE5TRGljdGlvbmFyeaIiIF8QD05TS2V5ZWRBcmNoaXZlctEmJ1Ryb290gAEACAARABoAIwAtADIANwBAAEYATQBVAGAAZwBqAGwAbgBxAHMAdQB3AIQAjgC0ALkAwQLZAtsC4ALrAvQDAgMGAw0DFgMbAygDKwM9A0ADRQAAAAAAAAIBAAAAAAAAACgAAAAAAAAAAAAAAAAAAANH}}

@techreport{bailey2012wayside,
	Author = {Bailey, J Ronald and Hairr, Mark E},
	Date-Added = {2015-03-05 14:33:31 +0000},
	Date-Modified = {2015-03-05 14:34:01 +0000},
	Institution = {Federal Transit Administration},
	Number = {FTA Report 0028},
	Title = {Wayside Charging and Hydrogen Hybrid Bus: Extending the Range of Electric Shuttle Buses},
	Year = {2012},
	Bdsk-File-1 = {YnBsaXN0MDDUAQIDBAUGJCVYJHZlcnNpb25YJG9iamVjdHNZJGFyY2hpdmVyVCR0b3ASAAGGoKgHCBMUFRYaIVUkbnVsbNMJCgsMDxJXTlMua2V5c1pOUy5vYmplY3RzViRjbGFzc6INDoACgAOiEBGABIAFgAdccmVsYXRpdmVQYXRoWWFsaWFzRGF0YV8QJEVpbnNvcnRpZXJ0L0ZUQSBXYXlzaWRlIENoYXJnaW5nLnBkZtIXCxgZV05TLmRhdGFPEQIYAAAAAAIYAAIAAA1NYWNpbnRvc2ggU1NEAAAAAAAAAAAAAAAAAADRGovcSCsAAAAjD/IYRlRBIFdheXNpZGUgQ2hhcmdpbmcucGRmAAAAAAAAAAAAAAAAAAAAAAAAAAAAAAAAAAAAAAAAAAAAAAAAAAAAACDATdEbimoAAAAAAAAAAAABAAMAAAkgAAAAAAAAAAAAAAAAAAAAC0VpbnNvcnRpZXJ0AAAQAAgAANEafcwAAAARAAgAANEbfFoAAAABABwAIw/yACMOfgAHEswABjI/AAYyPgAGMJAAApPnAAIAcE1hY2ludG9zaCBTU0Q6VXNlcnM6AGx1ZGdlcjoARG9jdW1lbnRzOgAhU3R1ZGl1bToAQmFjaGVsb3JhcmJlaXQ6AFF1ZWxsZW46AEVpbnNvcnRpZXJ0OgBGVEEgV2F5c2lkZSBDaGFyZ2luZy5wZGYADgAyABgARgBUAEEAIABXAGEAeQBzAGkAZABlACAAQwBoAGEAcgBnAGkAbgBnAC4AcABkAGYADwAcAA0ATQBhAGMAaQBuAHQAbwBzAGgAIABTAFMARAASAFtVc2Vycy9sdWRnZXIvRG9jdW1lbnRzLyFTdHVkaXVtL0JhY2hlbG9yYXJiZWl0L1F1ZWxsZW4vRWluc29ydGllcnQvRlRBIFdheXNpZGUgQ2hhcmdpbmcucGRmAAATAAEvAAAVAAIADf//AACABtIbHB0eWiRjbGFzc25hbWVYJGNsYXNzZXNdTlNNdXRhYmxlRGF0YaMdHyBWTlNEYXRhWE5TT2JqZWN00hscIiNcTlNEaWN0aW9uYXJ5oiIgXxAPTlNLZXllZEFyY2hpdmVy0SYnVHJvb3SAAQAIABEAGgAjAC0AMgA3AEAARgBNAFUAYABnAGoAbABuAHEAcwB1AHcAhACOALUAugDCAt4C4ALlAvAC+QMHAwsDEgMbAyADLQMwA0IDRQNKAAAAAAAAAgEAAAAAAAAAKAAAAAAAAAAAAAAAAAAAA0w=}}

@techreport{brecher2012transit,
	Author = {Brecher, Aviva},
	Date-Added = {2015-03-05 14:31:48 +0000},
	Date-Modified = {2015-03-05 14:34:17 +0000},
	Institution = {Federal Transit Administration},
	Number = {FTA Report 0024},
	Title = {Transit Bus Applications of Lithium Ion Batteries: Progress and Prospects},
	Year = {2012},
	Bdsk-File-1 = {YnBsaXN0MDDUAQIDBAUGJCVYJHZlcnNpb25YJG9iamVjdHNZJGFyY2hpdmVyVCR0b3ASAAGGoKgHCBMUFRYaIVUkbnVsbNMJCgsMDxJXTlMua2V5c1pOUy5vYmplY3RzViRjbGFzc6INDoACgAOiEBGABIAFgAdccmVsYXRpdmVQYXRoWWFsaWFzRGF0YV8QGkVpbnNvcnRpZXJ0L0ZUQSBMaS1Jb24ucGRm0hcLGBlXTlMuZGF0YU8RAfAAAAAAAfAAAgAADU1hY2ludG9zaCBTU0QAAAAAAAAAAAAAAAAAANEai9xIKwAAACMP8g5GVEEgTGktSW9uLnBkZgAAAAAAAAAAAAAAAAAAAAAAAAAAAAAAAAAAAAAAAAAAAAAAAAAAAAAAAAAAAAAAAAAAIMBM0RuSHgAAAAAAAAAAAAEAAwAACSAAAAAAAAAAAAAAAAAAAAALRWluc29ydGllcnQAABAACAAA0Rp9zAAAABEACAAA0RuEDgAAAAEAHAAjD/IAIw5+AAcSzAAGMj8ABjI+AAYwkAACk+cAAgBmTWFjaW50b3NoIFNTRDpVc2VyczoAbHVkZ2VyOgBEb2N1bWVudHM6ACFTdHVkaXVtOgBCYWNoZWxvcmFyYmVpdDoAUXVlbGxlbjoARWluc29ydGllcnQ6AEZUQSBMaS1Jb24ucGRmAA4AHgAOAEYAVABBACAATABpAC0ASQBvAG4ALgBwAGQAZgAPABwADQBNAGEAYwBpAG4AdABvAHMAaAAgAFMAUwBEABIAUVVzZXJzL2x1ZGdlci9Eb2N1bWVudHMvIVN0dWRpdW0vQmFjaGVsb3JhcmJlaXQvUXVlbGxlbi9FaW5zb3J0aWVydC9GVEEgTGktSW9uLnBkZgAAEwABLwAAFQACAA3//wAAgAbSGxwdHlokY2xhc3NuYW1lWCRjbGFzc2VzXU5TTXV0YWJsZURhdGGjHR8gVk5TRGF0YVhOU09iamVjdNIbHCIjXE5TRGljdGlvbmFyeaIiIF8QD05TS2V5ZWRBcmNoaXZlctEmJ1Ryb290gAEACAARABoAIwAtADIANwBAAEYATQBVAGAAZwBqAGwAbgBxAHMAdQB3AIQAjgCrALAAuAKsAq4CswK+AscC1QLZAuAC6QLuAvsC/gMQAxMDGAAAAAAAAAIBAAAAAAAAACgAAAAAAAAAAAAAAAAAAAMa}}

@article{yilmaz2013review,
	Author = {Yilmaz, Murat and Krein, Philip T},
	Date-Added = {2015-03-05 14:31:00 +0000},
	Date-Modified = {2015-03-05 14:31:00 +0000},
	Journal = {Power Electronics, IEEE Transactions on},
	Number = {5},
	Pages = {2151--2169},
	Publisher = {IEEE},
	Title = {Review of battery charger topologies, charging power levels, and infrastructure for plug-in electric and hybrid vehicles},
	Volume = {28},
	Year = {2013},
	Bdsk-File-1 = {YnBsaXN0MDDUAQIDBAUGJCVYJHZlcnNpb25YJG9iamVjdHNZJGFyY2hpdmVyVCR0b3ASAAGGoKgHCBMUFRYaIVUkbnVsbNMJCgsMDxJXTlMua2V5c1pOUy5vYmplY3RzViRjbGFzc6INDoACgAOiEBGABIAFgAdccmVsYXRpdmVQYXRoWWFsaWFzRGF0YV8QJUVpbnNvcnRpZXJ0L0VWIENoYXJnZXIgQ29tcGFyaXNvbi5wZGbSFwsYGVdOUy5kYXRhTxECHAAAAAACHAACAAANTWFjaW50b3NoIFNTRAAAAAAAAAAAAAAAAAAA0RqL3EgrAAAAIw/yGUVWIENoYXJnZXIgQ29tcGFyaXNvbi5wZGYAAAAAAAAAAAAAAAAAAAAAAAAAAAAAAAAAAAAAAAAAAAAAAAAAAAAgv//RHeJWAAAAAAAAAAAAAQADAAAJIAAAAAAAAAAAAAAAAAAAAAtFaW5zb3J0aWVydAAAEAAIAADRGn3MAAAAEQAIAADRHdRGAAAAAQAcACMP8gAjDn4ABxLMAAYyPwAGMj4ABjCQAAKT5wACAHFNYWNpbnRvc2ggU1NEOlVzZXJzOgBsdWRnZXI6AERvY3VtZW50czoAIVN0dWRpdW06AEJhY2hlbG9yYXJiZWl0OgBRdWVsbGVuOgBFaW5zb3J0aWVydDoARVYgQ2hhcmdlciBDb21wYXJpc29uLnBkZgAADgA0ABkARQBWACAAQwBoAGEAcgBnAGUAcgAgAEMAbwBtAHAAYQByAGkAcwBvAG4ALgBwAGQAZgAPABwADQBNAGEAYwBpAG4AdABvAHMAaAAgAFMAUwBEABIAXFVzZXJzL2x1ZGdlci9Eb2N1bWVudHMvIVN0dWRpdW0vQmFjaGVsb3JhcmJlaXQvUXVlbGxlbi9FaW5zb3J0aWVydC9FViBDaGFyZ2VyIENvbXBhcmlzb24ucGRmABMAAS8AABUAAgAN//8AAIAG0hscHR5aJGNsYXNzbmFtZVgkY2xhc3Nlc11OU011dGFibGVEYXRhox0fIFZOU0RhdGFYTlNPYmplY3TSGxwiI1xOU0RpY3Rpb25hcnmiIiBfEA9OU0tleWVkQXJjaGl2ZXLRJidUcm9vdIABAAgAEQAaACMALQAyADcAQABGAE0AVQBgAGcAagBsAG4AcQBzAHUAdwCEAI4AtgC7AMMC4wLlAuoC9QL+AwwDEAMXAyADJQMyAzUDRwNKA08AAAAAAAACAQAAAAAAAAAoAAAAAAAAAAAAAAAAAAADUQ==}}

@url{coduIPT,
	Author = {Mathias Wechlin},
	Date-Added = {2015-03-05 14:28:40 +0000},
	Date-Modified = {2015-03-06 10:33:09 +0000},
	Title = {10 Jahre Elektrobusse mit IPT{\textregistered} Charge in Italien zeigen: die Technologie ist ausgereift und wirtschaftlich -- und etabliert damit Elektrobusse als Alternative},
	Url = {http://www.newstix.de/downloads/Fachbericht18471.pdf},
	Urldate = {2015-03-05},
	Bdsk-File-1 = {YnBsaXN0MDDUAQIDBAUGJCVYJHZlcnNpb25YJG9iamVjdHNZJGFyY2hpdmVyVCR0b3ASAAGGoKgHCBMUFRYaIVUkbnVsbNMJCgsMDxJXTlMua2V5c1pOUy5vYmplY3RzViRjbGFzc6INDoACgAOiEBGABIAFgAdccmVsYXRpdmVQYXRoWWFsaWFzRGF0YV8QGUVpbnNvcnRpZXJ0L0NvbmR1Y3RpeC5wZGbSFwsYGVdOUy5kYXRhTxEB7AAAAAAB7AACAAANTWFjaW50b3NoIFNTRAAAAAAAAAAAAAAAAAAA0RqL3EgrAAAAIw/yDUNvbmR1Y3RpeC5wZGYAAAAAAAAAAAAAAAAAAAAAAAAAAAAAAAAAAAAAAAAAAAAAAAAAAAAAAAAAAAAAAAAAAAAgwEbRHN9AAAAAAAAAAAAAAQADAAAJIAAAAAAAAAAAAAAAAAAAAAtFaW5zb3J0aWVydAAAEAAIAADRGn3MAAAAEQAIAADRHNEwAAAAAQAcACMP8gAjDn4ABxLMAAYyPwAGMj4ABjCQAAKT5wACAGVNYWNpbnRvc2ggU1NEOlVzZXJzOgBsdWRnZXI6AERvY3VtZW50czoAIVN0dWRpdW06AEJhY2hlbG9yYXJiZWl0OgBRdWVsbGVuOgBFaW5zb3J0aWVydDoAQ29uZHVjdGl4LnBkZgAADgAcAA0AQwBvAG4AZAB1AGMAdABpAHgALgBwAGQAZgAPABwADQBNAGEAYwBpAG4AdABvAHMAaAAgAFMAUwBEABIAUFVzZXJzL2x1ZGdlci9Eb2N1bWVudHMvIVN0dWRpdW0vQmFjaGVsb3JhcmJlaXQvUXVlbGxlbi9FaW5zb3J0aWVydC9Db25kdWN0aXgucGRmABMAAS8AABUAAgAN//8AAIAG0hscHR5aJGNsYXNzbmFtZVgkY2xhc3Nlc11OU011dGFibGVEYXRhox0fIFZOU0RhdGFYTlNPYmplY3TSGxwiI1xOU0RpY3Rpb25hcnmiIiBfEA9OU0tleWVkQXJjaGl2ZXLRJidUcm9vdIABAAgAEQAaACMALQAyADcAQABGAE0AVQBgAGcAagBsAG4AcQBzAHUAdwCEAI4AqgCvALcCpwKpAq4CuQLCAtAC1ALbAuQC6QL2AvkDCwMOAxMAAAAAAAACAQAAAAAAAAAoAAAAAAAAAAAAAAAAAAADFQ==}}

@url{BattSwapChina,
	Author = {Li Jianqiu},
	Date-Added = {2015-03-05 14:24:16 +0000},
	Date-Modified = {2015-03-06 10:18:55 +0000},
	Lastchecked = {2015-03-05},
	Note = {Vortrag auf: 6th U.S.-China Electric Vehicle and Battery Technology Workshop, University of Massachutes, Boston},
	Title = {Progress of Research and demonstration NEV in China},
	Url = {http://www.cse.anl.gov/us-china-workshop-2012/pdfs/session2b_demos_standards/li-jianqiu_2B-1-Tsinghua%20Univ-2012%20Progress%20of%20Research%20and%20Demonst.pdf},
	Urldate = {2015-03-05},
	Bdsk-File-1 = {YnBsaXN0MDDUAQIDBAUGJCVYJHZlcnNpb25YJG9iamVjdHNZJGFyY2hpdmVyVCR0b3ASAAGGoKgHCBMUFRYaIVUkbnVsbNMJCgsMDxJXTlMua2V5c1pOUy5vYmplY3RzViRjbGFzc6INDoACgAOiEBGABIAFgAdccmVsYXRpdmVQYXRoWWFsaWFzRGF0YV8QFUVpbnNvcnRpZXJ0L0NoaW5hLnBkZtIXCxgZV05TLmRhdGFPEQHcAAAAAAHcAAIAAA1NYWNpbnRvc2ggU1NEAAAAAAAAAAAAAAAAAADRGovcSCsAAAAjD/IJQ2hpbmEucGRmAAAAAAAAAAAAAAAAAAAAAAAAAAAAAAAAAAAAAAAAAAAAAAAAAAAAAAAAAAAAAAAAAAAAAAAAACDABdEd4lQAAAAAAAAAAAABAAMAAAkgAAAAAAAAAAAAAAAAAAAAC0VpbnNvcnRpZXJ0AAAQAAgAANEafcwAAAARAAgAANEd1EQAAAABABwAIw/yACMOfgAHEswABjI/AAYyPgAGMJAAApPnAAIAYU1hY2ludG9zaCBTU0Q6VXNlcnM6AGx1ZGdlcjoARG9jdW1lbnRzOgAhU3R1ZGl1bToAQmFjaGVsb3JhcmJlaXQ6AFF1ZWxsZW46AEVpbnNvcnRpZXJ0OgBDaGluYS5wZGYAAA4AFAAJAEMAaABpAG4AYQAuAHAAZABmAA8AHAANAE0AYQBjAGkAbgB0AG8AcwBoACAAUwBTAEQAEgBMVXNlcnMvbHVkZ2VyL0RvY3VtZW50cy8hU3R1ZGl1bS9CYWNoZWxvcmFyYmVpdC9RdWVsbGVuL0VpbnNvcnRpZXJ0L0NoaW5hLnBkZgATAAEvAAAVAAIADf//AACABtIbHB0eWiRjbGFzc25hbWVYJGNsYXNzZXNdTlNNdXRhYmxlRGF0YaMdHyBWTlNEYXRhWE5TT2JqZWN00hscIiNcTlNEaWN0aW9uYXJ5oiIgXxAPTlNLZXllZEFyY2hpdmVy0SYnVHJvb3SAAQAIABEAGgAjAC0AMgA3AEAARgBNAFUAYABnAGoAbABuAHEAcwB1AHcAhACOAKYAqwCzApMClQKaAqUCrgK8AsACxwLQAtUC4gLlAvcC+gL/AAAAAAAAAgEAAAAAAAAAKAAAAAAAAAAAAAAAAAAAAwE=}}

@techreport{Sebastian-Naumann:2014,
	Author = {Sebastian Naumann, Hedwig Vogelpohl},
	Date-Added = {2015-03-05 14:19:48 +0000},
	Date-Modified = {2015-03-05 14:21:36 +0000},
	Institution = {CACTUS Electromobility},
	Title = {Technologies for Fully Electric Busses},
	Year = {2014},
	Bdsk-File-1 = {YnBsaXN0MDDUAQIDBAUGJCVYJHZlcnNpb25YJG9iamVjdHNZJGFyY2hpdmVyVCR0b3ASAAGGoKgHCBMUFRYaIVUkbnVsbNMJCgsMDxJXTlMua2V5c1pOUy5vYmplY3RzViRjbGFzc6INDoACgAOiEBGABIAFgAdccmVsYXRpdmVQYXRoWWFsaWFzRGF0YV8QU0VpbnNvcnRpZXJ0L0NBQ1RVU19EZWxpdmVyYWJsZV8xLjJfVGVjaG5vbG9naWVzLXRvLWVuYWJsZS1mdWxseS1lbGVjdHJpYy1idXNzZXMucGRm0hcLGBlXTlMuZGF0YU8RAqwAAAAAAqwAAgAADU1hY2ludG9zaCBTU0QAAAAAAAAAAAAAAAAAANEai9xIKwAAACMP8h9DQUNUVVNfRGVsaXZlcmFibGVfMSMyMEMwNDUucGRmAAAAAAAAAAAAAAAAAAAAAAAAAAAAAAAAAAAAAAAAAAAAIMBF0Ry6SAAAAAAAAAAAAAEAAwAACSAAAAAAAAAAAAAAAAAAAAALRWluc29ydGllcnQAABAACAAA0Rp9zAAAABEACAAA0RysOAAAAAEAHAAjD/IAIw5+AAcSzAAGMj8ABjI+AAYwkAACk+cAAgB3TWFjaW50b3NoIFNTRDpVc2VyczoAbHVkZ2VyOgBEb2N1bWVudHM6ACFTdHVkaXVtOgBCYWNoZWxvcmFyYmVpdDoAUXVlbGxlbjoARWluc29ydGllcnQ6AENBQ1RVU19EZWxpdmVyYWJsZV8xIzIwQzA0NS5wZGYAAA4AkABHAEMAQQBDAFQAVQBTAF8ARABlAGwAaQB2AGUAcgBhAGIAbABlAF8AMQAuADIAXwBUAGUAYwBoAG4AbwBsAG8AZwBpAGUAcwAtAHQAbwAtAGUAbgBhAGIAbABlAC0AZgB1AGwAbAB5AC0AZQBsAGUAYwB0AHIAaQBjAC0AYgB1AHMAcwBlAHMALgBwAGQAZgAPABwADQBNAGEAYwBpAG4AdABvAHMAaAAgAFMAUwBEABIAilVzZXJzL2x1ZGdlci9Eb2N1bWVudHMvIVN0dWRpdW0vQmFjaGVsb3JhcmJlaXQvUXVlbGxlbi9FaW5zb3J0aWVydC9DQUNUVVNfRGVsaXZlcmFibGVfMS4yX1RlY2hub2xvZ2llcy10by1lbmFibGUtZnVsbHktZWxlY3RyaWMtYnVzc2VzLnBkZgATAAEvAAAVAAIADf//AACABtIbHB0eWiRjbGFzc25hbWVYJGNsYXNzZXNdTlNNdXRhYmxlRGF0YaMdHyBWTlNEYXRhWE5TT2JqZWN00hscIiNcTlNEaWN0aW9uYXJ5oiIgXxAPTlNLZXllZEFyY2hpdmVy0SYnVHJvb3SAAQAIABEAGgAjAC0AMgA3AEAARgBNAFUAYABnAGoAbABuAHEAcwB1AHcAhACOAOQA6QDxA6EDowOoA7MDvAPKA84D1QPeA+MD8APzBAUECAQNAAAAAAAAAgEAAAAAAAAAKAAAAAAAAAAAAAAAAAAABA8=}}

@techreport{Systems-Control-Technology:1994,
	Author = {{Systems Control Technology, Inc.}},
	Date-Added = {2015-03-05 14:13:46 +0000},
	Date-Modified = {2015-03-06 10:43:20 +0000},
	Institution = {University Of California, Berkeley},
	Title = {Roadway Powered Electric Vehicle Project Track Construction and Testing Program Phase 3D},
	Year = {1994},
	Bdsk-File-1 = {YnBsaXN0MDDUAQIDBAUGJCVYJHZlcnNpb25YJG9iamVjdHNZJGFyY2hpdmVyVCR0b3ASAAGGoKgHCBMUFRYaIVUkbnVsbNMJCgsMDxJXTlMua2V5c1pOUy5vYmplY3RzViRjbGFzc6INDoACgAOiEBGABIAFgAdccmVsYXRpdmVQYXRoWWFsaWFzRGF0YV8QKUVpbnNvcnRpZXJ0L0JlcmtlbGV5IEluZHVrdGl2ZXMgTGFkZW4ucGRm0hcLGBlXTlMuZGF0YU8RAiwAAAAAAiwAAgAADU1hY2ludG9zaCBTU0QAAAAAAAAAAAAAAAAAANEai9xIKwAAACMP8h1CZXJrZWxleSBJbmR1a3RpdmVzIExhZGVuLnBkZgAAAAAAAAAAAAAAAAAAAAAAAAAAAAAAAAAAAAAAAAAAAAAAIMAw0R3iVAAAAAAAAAAAAAEAAwAACSAAAAAAAAAAAAAAAAAAAAALRWluc29ydGllcnQAABAACAAA0Rp9zAAAABEACAAA0R3URAAAAAEAHAAjD/IAIw5+AAcSzAAGMj8ABjI+AAYwkAACk+cAAgB1TWFjaW50b3NoIFNTRDpVc2VyczoAbHVkZ2VyOgBEb2N1bWVudHM6ACFTdHVkaXVtOgBCYWNoZWxvcmFyYmVpdDoAUXVlbGxlbjoARWluc29ydGllcnQ6AEJlcmtlbGV5IEluZHVrdGl2ZXMgTGFkZW4ucGRmAAAOADwAHQBCAGUAcgBrAGUAbABlAHkAIABJAG4AZAB1AGsAdABpAHYAZQBzACAATABhAGQAZQBuAC4AcABkAGYADwAcAA0ATQBhAGMAaQBuAHQAbwBzAGgAIABTAFMARAASAGBVc2Vycy9sdWRnZXIvRG9jdW1lbnRzLyFTdHVkaXVtL0JhY2hlbG9yYXJiZWl0L1F1ZWxsZW4vRWluc29ydGllcnQvQmVya2VsZXkgSW5kdWt0aXZlcyBMYWRlbi5wZGYAEwABLwAAFQACAA3//wAAgAbSGxwdHlokY2xhc3NuYW1lWCRjbGFzc2VzXU5TTXV0YWJsZURhdGGjHR8gVk5TRGF0YVhOU09iamVjdNIbHCIjXE5TRGljdGlvbmFyeaIiIF8QD05TS2V5ZWRBcmNoaXZlctEmJ1Ryb290gAEACAARABoAIwAtADIANwBAAEYATQBVAGAAZwBqAGwAbgBxAHMAdQB3AIQAjgC6AL8AxwL3AvkC/gMJAxIDIAMkAysDNAM5A0YDSQNbA14DYwAAAAAAAAIBAAAAAAAAACgAAAAAAAAAAAAAAAAAAANl}}

@techreport{Soren-Hojgaard-Jensen:2009,
	Author = {S{\o}ren H{\o}jgaard Jensen, Claus Nygaard Rasmussen, Guangya Yang},
	Date-Added = {2015-03-05 14:08:51 +0000},
	Date-Modified = {2015-03-05 14:18:31 +0000},
	Institution = {EDISON Consortium},
	Title = {Battery Modeling},
	Url = {http://www.edison-net.dk/~/media/EDISON/Reports/WP_1_5_Battery_Modelling_approvedx.ashx},
	Year = {2009},
	Bdsk-File-1 = {YnBsaXN0MDDUAQIDBAUGJCVYJHZlcnNpb25YJG9iamVjdHNZJGFyY2hpdmVyVCR0b3ASAAGGoKgHCBMUFRYaIVUkbnVsbNMJCgsMDxJXTlMua2V5c1pOUy5vYmplY3RzViRjbGFzc6INDoACgAOiEBGABIAFgAdccmVsYXRpdmVQYXRoWWFsaWFzRGF0YV8QIUVpbnNvcnRpZXJ0L0JhdHRlcnkgTW9kZWxsaW5nLnBkZtIXCxgZV05TLmRhdGFPEQIMAAAAAAIMAAIAAA1NYWNpbnRvc2ggU1NEAAAAAAAAAAAAAAAAAADRGovcSCsAAAAjD/IVQmF0dGVyeSBNb2RlbGxpbmcucGRmAAAAAAAAAAAAAAAAAAAAAAAAAAAAAAAAAAAAAAAAAAAAAAAAAAAAAAAAACDARNEc7CgAAAAAAAAAAAABAAMAAAkgAAAAAAAAAAAAAAAAAAAAC0VpbnNvcnRpZXJ0AAAQAAgAANEafcwAAAARAAgAANEc3hgAAAABABwAIw/yACMOfgAHEswABjI/AAYyPgAGMJAAApPnAAIAbU1hY2ludG9zaCBTU0Q6VXNlcnM6AGx1ZGdlcjoARG9jdW1lbnRzOgAhU3R1ZGl1bToAQmFjaGVsb3JhcmJlaXQ6AFF1ZWxsZW46AEVpbnNvcnRpZXJ0OgBCYXR0ZXJ5IE1vZGVsbGluZy5wZGYAAA4ALAAVAEIAYQB0AHQAZQByAHkAIABNAG8AZABlAGwAbABpAG4AZwAuAHAAZABmAA8AHAANAE0AYQBjAGkAbgB0AG8AcwBoACAAUwBTAEQAEgBYVXNlcnMvbHVkZ2VyL0RvY3VtZW50cy8hU3R1ZGl1bS9CYWNoZWxvcmFyYmVpdC9RdWVsbGVuL0VpbnNvcnRpZXJ0L0JhdHRlcnkgTW9kZWxsaW5nLnBkZgATAAEvAAAVAAIADf//AACABtIbHB0eWiRjbGFzc25hbWVYJGNsYXNzZXNdTlNNdXRhYmxlRGF0YaMdHyBWTlNEYXRhWE5TT2JqZWN00hscIiNcTlNEaWN0aW9uYXJ5oiIgXxAPTlNLZXllZEFyY2hpdmVy0SYnVHJvb3SAAQAIABEAGgAjAC0AMgA3AEAARgBNAFUAYABnAGoAbABuAHEAcwB1AHcAhACOALIAtwC/As8C0QLWAuEC6gL4AvwDAwMMAxEDHgMhAzMDNgM7AAAAAAAAAgEAAAAAAAAAKAAAAAAAAAAAAAAAAAAAAz0=}}

@article{jongerden2008battery,
	Author = {Jongerden, M. R. and Haverkort, B. R.},
	Date-Added = {2015-03-05 14:06:37 +0000},
	Date-Modified = {2015-03-06 10:38:06 +0000},
	Publisher = {Centre for Telematics and Information Technology, University of Twente},
	Title = {Battery Modeling},
	Year = {2008},
	Bdsk-File-1 = {YnBsaXN0MDDUAQIDBAUGJCVYJHZlcnNpb25YJG9iamVjdHNZJGFyY2hpdmVyVCR0b3ASAAGGoKgHCBMUFRYaIVUkbnVsbNMJCgsMDxJXTlMua2V5c1pOUy5vYmplY3RzViRjbGFzc6INDoACgAOiEBGABIAFgAdccmVsYXRpdmVQYXRoWWFsaWFzRGF0YV8QJkVpbnNvcnRpZXJ0L0JhdHRlcnkgTW9kZWxsaW5nIE1vcmUucGRm0hcLGBlXTlMuZGF0YU8RAiAAAAAAAiAAAgAADU1hY2ludG9zaCBTU0QAAAAAAAAAAAAAAAAAANEai9xIKwAAACMP8hpCYXR0ZXJ5IE1vZGVsbGluZyBNb3JlLnBkZgAAAAAAAAAAAAAAAAAAAAAAAAAAAAAAAAAAAAAAAAAAAAAAAAAAIMBD0RzsWAAAAAAAAAAAAAEAAwAACSAAAAAAAAAAAAAAAAAAAAALRWluc29ydGllcnQAABAACAAA0Rp9zAAAABEACAAA0RzeSAAAAAEAHAAjD/IAIw5+AAcSzAAGMj8ABjI+AAYwkAACk+cAAgByTWFjaW50b3NoIFNTRDpVc2VyczoAbHVkZ2VyOgBEb2N1bWVudHM6ACFTdHVkaXVtOgBCYWNoZWxvcmFyYmVpdDoAUXVlbGxlbjoARWluc29ydGllcnQ6AEJhdHRlcnkgTW9kZWxsaW5nIE1vcmUucGRmAA4ANgAaAEIAYQB0AHQAZQByAHkAIABNAG8AZABlAGwAbABpAG4AZwAgAE0AbwByAGUALgBwAGQAZgAPABwADQBNAGEAYwBpAG4AdABvAHMAaAAgAFMAUwBEABIAXVVzZXJzL2x1ZGdlci9Eb2N1bWVudHMvIVN0dWRpdW0vQmFjaGVsb3JhcmJlaXQvUXVlbGxlbi9FaW5zb3J0aWVydC9CYXR0ZXJ5IE1vZGVsbGluZyBNb3JlLnBkZgAAEwABLwAAFQACAA3//wAAgAbSGxwdHlokY2xhc3NuYW1lWCRjbGFzc2VzXU5TTXV0YWJsZURhdGGjHR8gVk5TRGF0YVhOU09iamVjdNIbHCIjXE5TRGljdGlvbmFyeaIiIF8QD05TS2V5ZWRBcmNoaXZlctEmJ1Ryb290gAEACAARABoAIwAtADIANwBAAEYATQBVAGAAZwBqAGwAbgBxAHMAdQB3AIQAjgC3ALwAxALoAuoC7wL6AwMDEQMVAxwDJQMqAzcDOgNMA08DVAAAAAAAAAIBAAAAAAAAACgAAAAAAAAAAAAAAAAAAANW}}

@inproceedings{lam2011practical,
	Author = {Lam, Long and Bauer, Pavol and Kelder, Erik},
	Booktitle = {Telecommunications Energy Conference (INTELEC), 2011 IEEE 33rd International},
	Date-Added = {2015-03-05 14:04:54 +0000},
	Date-Modified = {2015-03-05 14:04:54 +0000},
	Organization = {IEEE},
	Pages = {1--9},
	Title = {A practical circuit-based model for Li-ion battery cells in electric vehicle applications},
	Year = {2011},
	Bdsk-File-1 = {YnBsaXN0MDDUAQIDBAUGJCVYJHZlcnNpb25YJG9iamVjdHNZJGFyY2hpdmVyVCR0b3ASAAGGoKgHCBMUFRYaIVUkbnVsbNMJCgsMDxJXTlMua2V5c1pOUy5vYmplY3RzViRjbGFzc6INDoACgAOiEBGABIAFgAdccmVsYXRpdmVQYXRoWWFsaWFzRGF0YV8QHUVpbnNvcnRpZXJ0L0JhdHRlcnkgTW9kZWwucGRm0hcLGBlXTlMuZGF0YU8RAfwAAAAAAfwAAgAADU1hY2ludG9zaCBTU0QAAAAAAAAAAAAAAAAAANEai9xIKwAAACMP8hFCYXR0ZXJ5IE1vZGVsLnBkZgAAAAAAAAAAAAAAAAAAAAAAAAAAAAAAAAAAAAAAAAAAAAAAAAAAAAAAAAAAAAAAIMAu0R3iUgAAAAAAAAAAAAEAAwAACSAAAAAAAAAAAAAAAAAAAAALRWluc29ydGllcnQAABAACAAA0Rp9zAAAABEACAAA0R3UQgAAAAEAHAAjD/IAIw5+AAcSzAAGMj8ABjI+AAYwkAACk+cAAgBpTWFjaW50b3NoIFNTRDpVc2VyczoAbHVkZ2VyOgBEb2N1bWVudHM6ACFTdHVkaXVtOgBCYWNoZWxvcmFyYmVpdDoAUXVlbGxlbjoARWluc29ydGllcnQ6AEJhdHRlcnkgTW9kZWwucGRmAAAOACQAEQBCAGEAdAB0AGUAcgB5ACAATQBvAGQAZQBsAC4AcABkAGYADwAcAA0ATQBhAGMAaQBuAHQAbwBzAGgAIABTAFMARAASAFRVc2Vycy9sdWRnZXIvRG9jdW1lbnRzLyFTdHVkaXVtL0JhY2hlbG9yYXJiZWl0L1F1ZWxsZW4vRWluc29ydGllcnQvQmF0dGVyeSBNb2RlbC5wZGYAEwABLwAAFQACAA3//wAAgAbSGxwdHlokY2xhc3NuYW1lWCRjbGFzc2VzXU5TTXV0YWJsZURhdGGjHR8gVk5TRGF0YVhOU09iamVjdNIbHCIjXE5TRGljdGlvbmFyeaIiIF8QD05TS2V5ZWRBcmNoaXZlctEmJ1Ryb290gAEACAARABoAIwAtADIANwBAAEYATQBVAGAAZwBqAGwAbgBxAHMAdQB3AIQAjgCuALMAuwK7Ar0CwgLNAtYC5ALoAu8C+AL9AwoDDQMfAyIDJwAAAAAAAAIBAAAAAAAAACgAAAAAAAAAAAAAAAAAAAMp}}

@book{tub_aleph000899019,
	Address = {New York [u.a.]},
	Author = {Kiehne, Heinz-Albert [Hrsg.]},
	Date-Added = {2015-03-05 13:43:50 +0000},
	Date-Modified = {2015-03-05 13:43:50 +0000},
	Edition = {2. ed.},
	Publisher = {New York [u.a.] : Dekker},
	Title = {Battery technology handbook},
	Year = {2003}}

@book{tub_aleph001912039,
	Address = {Warrendale, Pa.},
	Author = {Jurgen, Ronald K.},
	Date-Added = {2015-03-05 13:43:41 +0000},
	Date-Modified = {2015-03-05 13:43:41 +0000},
	Publisher = {Warrendale, Pa. : SAE International},
	Title = {Electric and hybrid-electric vehicles. [2]. Batteries},
	Year = {2011}}

@book{tub_aleph001767671,
	Address = {Neus{\"a}{\ss}},
	Author = {Andreas Jossen},
	Date-Added = {2015-03-05 13:43:38 +0000},
	Date-Modified = {2015-03-05 13:43:38 +0000},
	Edition = {1. Aufl.},
	Publisher = {Neus{\"a}{\ss} : Ubooks [u.a.]},
	Title = {Moderne Akkumulatoren richtig einsetzen : 36 Tabellen},
	Year = {2006}}

@phdthesis{tub_aleph001881234,
	Author = {Bj{\"o}rn Eberleh},
	Date-Added = {2015-03-05 13:37:27 +0000},
	Date-Modified = {2015-03-06 10:28:21 +0000},
	Publisher = {Aachen : Shaker},
	School = {Technische Universit{\"a}t Darmstadt},
	Title = {Das Batteriesystem als Schl{\"u}sselkomponente f{\"u}r den Erfolg elektrischer Stra{\ss}enfahrzeuge : Systemaspekte, thermisches und elektrisches Management},
	Year = {2009}}

@book{tub_aleph001746639,
	Address = {Hamburg},
	Author = {P{\"u}tz, Ralph},
	Date-Added = {2015-03-05 13:36:14 +0000},
	Date-Modified = {2015-03-06 10:28:13 +0000},
	Publisher = {Hamburg : DVV Media Group},
	Title = {Linienbus-Verkehrssysteme mit elektrischem Fahrantrieb : Potenzial f{\"u}r eine emissionsfreie Mobilit{\"a}t = Public service bus systems with electric propulsion},
	Year = {2007}}

@url{Hua:2012,
	Author = {Jianfeng Hua},
	Date-Added = {2015-03-05 11:47:41 +0000},
	Date-Modified = {2015-03-05 14:27:06 +0000},
	Lastchecked = {2015-03-05},
	Note = {Vortrag auf: 6th U.S.-China Electric Vehicle and Battery Technology Workshop, University of Massachutes, Boston},
	Title = {Progress in Battery Swapping Technology and Demonstration in China},
	Url = {http://www.cse.anl.gov/us-china-workshop-2012/pdfs/session3b_demos_standards/hua_3B-4-HUA-Tsinghua%20Univ-Progress%20in%20Battery%20Swapping%20Technolo.pdf},
	Urldate = {2015-03-05},
	Bdsk-File-1 = {YnBsaXN0MDDUAQIDBAUGJCVYJHZlcnNpb25YJG9iamVjdHNZJGFyY2hpdmVyVCR0b3ASAAGGoKgHCBMUFRYaIVUkbnVsbNMJCgsMDxJXTlMua2V5c1pOUy5vYmplY3RzViRjbGFzc6INDoACgAOiEBGABIAFgAdccmVsYXRpdmVQYXRoWWFsaWFzRGF0YV8QKEVpbnNvcnRpZXJ0L0JhdHRlcmlld2VjaHNlbCBpbiBDaGluYS5wZGbSFwsYGVdOUy5kYXRhTxECKAAAAAACKAACAAANTWFjaW50b3NoIFNTRAAAAAAAAAAAAAAAAAAA0RqL3EgrAAAAIw/yHEJhdHRlcmlld2VjaHNlbCBpbiBDaGluYS5wZGYAAAAAAAAAAAAAAAAAAAAAAAAAAAAAAAAAAAAAAAAAAAAAAAAgwCzRHeJSAAAAAAAAAAAAAQADAAAJIAAAAAAAAAAAAAAAAAAAAAtFaW5zb3J0aWVydAAAEAAIAADRGn3MAAAAEQAIAADRHdRCAAAAAQAcACMP8gAjDn4ABxLMAAYyPwAGMj4ABjCQAAKT5wACAHRNYWNpbnRvc2ggU1NEOlVzZXJzOgBsdWRnZXI6AERvY3VtZW50czoAIVN0dWRpdW06AEJhY2hlbG9yYXJiZWl0OgBRdWVsbGVuOgBFaW5zb3J0aWVydDoAQmF0dGVyaWV3ZWNoc2VsIGluIENoaW5hLnBkZgAOADoAHABCAGEAdAB0AGUAcgBpAGUAdwBlAGMAaABzAGUAbAAgAGkAbgAgAEMAaABpAG4AYQAuAHAAZABmAA8AHAANAE0AYQBjAGkAbgB0AG8AcwBoACAAUwBTAEQAEgBfVXNlcnMvbHVkZ2VyL0RvY3VtZW50cy8hU3R1ZGl1bS9CYWNoZWxvcmFyYmVpdC9RdWVsbGVuL0VpbnNvcnRpZXJ0L0JhdHRlcmlld2VjaHNlbCBpbiBDaGluYS5wZGYAABMAAS8AABUAAgAN//8AAIAG0hscHR5aJGNsYXNzbmFtZVgkY2xhc3Nlc11OU011dGFibGVEYXRhox0fIFZOU0RhdGFYTlNPYmplY3TSGxwiI1xOU0RpY3Rpb25hcnmiIiBfEA9OU0tleWVkQXJjaGl2ZXLRJidUcm9vdIABAAgAEQAaACMALQAyADcAQABGAE0AVQBgAGcAagBsAG4AcQBzAHUAdwCEAI4AuQC+AMYC8gL0AvkDBAMNAxsDHwMmAy8DNANBA0QDVgNZA14AAAAAAAACAQAAAAAAAAAoAAAAAAAAAAAAAAAAAAADYA==}}

@url{Rohlfs:2012,
	Author = {Werner Rohlfs},
	Date-Added = {2015-03-05 11:42:42 +0000},
	Date-Modified = {2015-03-05 14:27:10 +0000},
	Lastchecked = {2015-03-05},
	Note = {Vortrag auf: TROLLEY Summer University ``ebus - the smart way!'', Universit{\"a}t Leipzig},
	Title = {Electrification of bus routes with ebuses \& fast charging stations -- in case of no overhead wires --},
	Url = {http://www.trolley-project.eu/fileadmin/user_upload/download/University/TROLLEY_Rohlfs_RWTH_Aachen_ebus_comparison_01.pdf},
	Urldate = {2015-03-05},
	Bdsk-File-1 = {YnBsaXN0MDDUAQIDBAUGJCVYJHZlcnNpb25YJG9iamVjdHNZJGFyY2hpdmVyVCR0b3ASAAGGoKgHCBMUFRYaIVUkbnVsbNMJCgsMDxJXTlMua2V5c1pOUy5vYmplY3RzViRjbGFzc6INDoACgAOiEBGABIAFgAdccmVsYXRpdmVQYXRoWWFsaWFzRGF0YV8QKEVpbnNvcnRpZXJ0L0FhY2hlbiBTY2huZWxsbGFkZXN5c3RlbS5wZGbSFwsYGVdOUy5kYXRhTxECKAAAAAACKAACAAANTWFjaW50b3NoIFNTRAAAAAAAAAAAAAAAAAAA0RqL3EgrAAAAIw/yHEFhY2hlbiBTY2huZWxsbGFkZXN5c3RlbS5wZGYAAAAAAAAAAAAAAAAAAAAAAAAAAAAAAAAAAAAAAAAAAAAAAAAgwCbRHeJSAAAAAAAAAAAAAQADAAAJIAAAAAAAAAAAAAAAAAAAAAtFaW5zb3J0aWVydAAAEAAIAADRGn3MAAAAEQAIAADRHdRCAAAAAQAcACMP8gAjDn4ABxLMAAYyPwAGMj4ABjCQAAKT5wACAHRNYWNpbnRvc2ggU1NEOlVzZXJzOgBsdWRnZXI6AERvY3VtZW50czoAIVN0dWRpdW06AEJhY2hlbG9yYXJiZWl0OgBRdWVsbGVuOgBFaW5zb3J0aWVydDoAQWFjaGVuIFNjaG5lbGxsYWRlc3lzdGVtLnBkZgAOADoAHABBAGEAYwBoAGUAbgAgAFMAYwBoAG4AZQBsAGwAbABhAGQAZQBzAHkAcwB0AGUAbQAuAHAAZABmAA8AHAANAE0AYQBjAGkAbgB0AG8AcwBoACAAUwBTAEQAEgBfVXNlcnMvbHVkZ2VyL0RvY3VtZW50cy8hU3R1ZGl1bS9CYWNoZWxvcmFyYmVpdC9RdWVsbGVuL0VpbnNvcnRpZXJ0L0FhY2hlbiBTY2huZWxsbGFkZXN5c3RlbS5wZGYAABMAAS8AABUAAgAN//8AAIAG0hscHR5aJGNsYXNzbmFtZVgkY2xhc3Nlc11OU011dGFibGVEYXRhox0fIFZOU0RhdGFYTlNPYmplY3TSGxwiI1xOU0RpY3Rpb25hcnmiIiBfEA9OU0tleWVkQXJjaGl2ZXLRJidUcm9vdIABAAgAEQAaACMALQAyADcAQABGAE0AVQBgAGcAagBsAG4AcQBzAHUAdwCEAI4AuQC+AMYC8gL0AvkDBAMNAxsDHwMmAy8DNANBA0QDVgNZA14AAAAAAAACAQAAAAAAAAAoAAAAAAAAAAAAAAAAAAADYA==}}
